2392 3856
266 139 390 192 crena
414 139 439 192 r.
468 139 553 193 oar.
577 139 702 225 rtur,
720 139 825 194 XLJV
1035 125 1080 193 49

48 289 91 344 ut
113 280 205 344 omni
227 287 376 367 tempore
391 282 494 345 totius
506 281 638 346 Galliae
658 282 880 368 principatum
905 282 1037 346 Haedui

51 380 248 459 tenuissent,
264 381 353 465 prius
373 381 475 445 etiam
496 403 595 466 quam
618 389 763 446 nostram
785 382 962 446 amicitiam
984 382 1039 446 ad·

51 481 222 565 petissent.
269 480 389 565 Populi
405 481 546 545 Romani
568 482 653 545 hanc
673 503 744 546 esse
759 482 1037 558 consuetudinem,

52 588 92 643 ut
106 580 211 644 socios
226 589 325 665 atque
341 581 463 644 amicos
478 602 544 644 non
561 580 657 644 modo
675 581 726 644 sui
746 581 830 644 nihil
852 582 1038 667 deperdere,

52 680 110 744 sed
141 681 258 766 gratis,
282 679 455 766 dignitate,
481 680 605 744 honore
632 680 792 744 auctiores
817 681 918 745 vellet
947 703 1037 756 esse3
1066 691 1082 740 5

53 780 142 864 quod
165 802 242 844 vero
265 781 308 844 ad
329 780 510 844 amicitiam
534 780 648 866 populi
672 780 814 849 Romani
838 780 1037 860 attulissent,

53 881 88 944 id
123 881 163 944 iis
196 881 279 965 eripi
313 881 385 965 quis
416 881 487 964 pati
516 881 650 965 posset?
703 880 890 944 Postulavit
919 880 1038 944 deinde

53 981 180 1058 eadem,
208 1002 291 1064 quae
318 979 435 1065 legatis
465 980 499 1043 in
531 979 694 1044 mandatis
720 980 876 1044 dederat:
909 1002 951 1043 ne
980 987 1039 1043 aut

10 1082 13 1159 ᾗ
55 1080 205 1144 Haeduis
231 1086 290 1144 aut
316 1102 429 1143 eorum
457 1079 553 1143 sociis
578 1078 701 1142 bellum
726 1080 881 1154 inferret3
911 1078 1039 1143 obsides

10 1166 12 1203 ²
54 1179 225 1256 redderet3
256 1180 284 1243 si
314 1179 441 1243 nullam
471 1186 599 1265 partem
630 1178 871 1243 Germanorum
905 1180 1039 1242 domum
1053 1201 1083 1238 ro

53 1266 362 1364 remittere'posset,
382 1287 480 1344 atne
500 1301 581 1362 quos
601 1279 743 1364 amplius
766 1278 919 1342 Rhenum
937 1286 1041 1342 trans·

54 1380 102 1444 ire
119 1387 299 1465 pateretur.

102 1484 228 1543 XLIV.
260 1479 447 1542 Ariovistus
462 1477 504 1541 ad
519 1478 685 1562 postulata
702 1477 852 1544 Caestris
870 1500 974 1564 pauca
993 1500 1041 1542 re

54 1579 198 1665 spondit,
222 1577 263 1642 de
286 1577 352 1642 suis
375 1577 555 1641 virtutibus
572 1577 676 1642 multa
691 1577 913 1662 praedicavitz
937 1588 1041 1643 trans-

55 1680 119 1744 isse
149 1679 304 1744 Rhenum
333 1699 403 1742 sese
430 1700 494 1741 non
518 1685 578 1742 sua
600 1686 727 1763 sponte,
752 1678 809 1741 sed
833 1686 984 1763 rogatum
1006 1684 1041 1742 et
1054 1695 1084 1745 15

55 1780 249 1844 arcessitum
265 1801 285 1842 a
301 1777 428 1853 Gallis;
453 1799 517 1841 non
538 1778 608 1841 sine
631 1785 752 1862 magna
772 1799 829 1862 spe
851 1778 1042 1862 magnisque

55 1879 209 1964 praemiis
230 1879 363 1941 domum
385 1878 649 1962 propinquosque
667 1876 856 1960 reliquisse3
878 1876 971 1939 sedes
987 1877 1042 1940 ha·

55 1979 133 2043 here
159 1978 195 2041 in
222 1977 334 2042 Gallia
360 1977 401 2040 ab
427 1978 507 2062 ipsis
533 1998 710 2052 concessas,
738 1975 867 2039 obsides
894 1975 1040 2059 ipsorum

56 2079 229 2142 voluntate
252 2078 368 2153 datos3
391 2075 592 2161 stipendium
616 2098 734 2161 capere
756 2076 827 2138 iure
846 2073 938 2150 belli,
954 2074 1041 2157 quod

55 2179 196 2244 victores
213 2177 308 2241 victis
323 2178 491 2260 imponere
506 2178 705 2239 consuerint.
747 2175 823 2238 Non
839 2196 908 2238 sese
925 2173 1040 2252 Gallis,
1054 2198 1087 2234 ιο

56 2279 111 2342 sed
129 2275 244 2342 Gallos
260 2276 322 2339 sibi
337 2274 463 2339 bellum
480 2274 650 2338 intulisse:
675 2297 789 2338 omnes
812 2273 943 2339 Galliae
965 2274 1058 2338 civi·'

57 2385 142 2442 tates
158 2377 202 2440 ad
216 2398 251 2440 se
266 2376 525 2461 oppugnandum
540 2375 669 2438 venisse
688 2396 726 2437 ac
747 2381 862 2437 contra
883 2396 919 2437 ss
935 2381 1042 2438 castra

57 2476 230 2552 habuisse;
254 2498 308 2539 eas
331 2497 443 2538 omnes
465 2474 575 2559 copias
596 2496 616 2537 a
638 2495 672 2536 se
695 2495 761 2536 uno
784 2473 908 2557 proelio
932 2473 1043 2557 pulsas

57 2599 94 2640 ac
116 2582 286 2660 superatas
304 2597 384 2638 esse.
431 2573 467 2638 si
489 2574 610 2637 iterum
634 2572 776 2657 experiri
799 2572 913 2649 velint,
933 2593 967 2635 se
985 2571 1044 2634 ite-

56 2699 130 2739 rum
151 2684 302 2761 paratum
324 2696 395 2738 esse
416 2675 603 2748 decertare;
627 2674 654 2736 si
678 2694 757 2757 pace
780 2671 829 2734 uti
850 2670 965 2747 velint,
982 2670 1044 2732 ini·
1054 2689 1086 2740 ²⁵

54 2797 159 2859 quum
181 2796 251 2838 esse
273 2775 313 2837 de
334 2772 498 2858 stipendio
516 2794 676 2849 recusare,
694 2771 781 2856 quod
797 2777 856 2834 sua
871 2769 1042 2833 voluntate

55 2876 98 2940 ad
121 2875 155 2938 id
182 2883 311 2960 tempus
338 2871 566 2959 pependerint.
612 2871 810 2936 Amicitiam
836 2869 949 2954 populi
980 2869 1044 2932 Ro-

10 2956 29 2995 ”
55 2975 147 3040 mani
177 2973 239 3037 sibi
264 2979 456 3037 ornamento
486 2978 519 3035 et
549 2971 723 3055 praesidi0,
746 2992 812 3032 non
840 2969 1039 3033 detrimento

55 3097 127 3139 esse
148 3082 299 3159 oportere
315 3081 414 3156 atque
430 3094 464 3136 se
480 3071 541 3135 hac
557 3093 615 3156 spe
630 3071 765 3154 petisse.
812 3068 848 3132 Si
869 3090 927 3153 per
947 3091 1047 3153 popu·

55 3176 126 3239 lum
157 3175 342 3238 Romanum
374 3171 577 3257 stipendium
608 3170 799 3232 remittatur
828 3175 862 3230 et
891 3168 1039 3232 dediticii
1053 3185 1086 3232 30

54 3275 305 3348 subtrahantur,
328 3294 394 3334 non
419 3270 527 3333 minus
554 3270 697 3333 libenter
719 3290 789 3331 sese
812 3275 1039 3331 recusaturum

53 3375 168 3462 populi
200 3372 342 3438 Romani
372 3370 551 3437 amicitiam
581 3391 677 3453 quam
708 3367 894 3454 adpetierit.
949 3365 1046 3445 Quod

93 3510 116 3557 1.
136 3510 181 3555 ut.
219 3502 316 3555 Notice
331 3502 392 3555 that
407 3501 462 3553 this
481 3500 504 3552 is
523 3516 558 3551 an
576 3499 695 3551 indireot
712 3497 846 3569 question,
866 3502 901 3548 ut
919 3495 1073 3561 meaninq·

55 3587 171 3638 “horn”
