2392 3856
121 107 165 172 44
503 121 627 175 BELLI
650 121 817 176 GALLICI

166 287 204 330 ac
225 265 344 330 timore
366 264 527 349 paulatim
549 264 651 328 etiam
672 264 696 327 ii
719 265 776 348 qui
799 285 954 350 magnum
977 264 1012 327 in
1036 263 1151 328 castris

117 365 120 371 ’
166 387 261 430 usum
287 364 464 441 habebant,
485 364 607 428 milites
629 364 899 447 centurionesque
922 364 1043 448 quique
1064 364 1151 448 equi·

166 465 252 530 tatni
268 471 453 549 praeerant,
466 463 755 549 perturbabantur.
796 462 864 542 Qui
879 485 913 527 se
925 487 966 526 ex
977 464 1029 528 his
1041 464 1149 528 minus

123 629 130 644 f
167 564 300 628 timidos
315 564 498 627 existimari
513 563 677 637 volebant,
694 584 760 627 non
776 585 810 626 se
825 563 953 628 hostem
967 564 1081 641 vereri,
1093 563 1150 627 sed

137 664 335 749 sangustias
362 663 489 727 itineris
512 670 547 727 et
572 663 837 749 magnitudinem
867 663 1035 742 silvarum,
1067 683 1167 746 quae,

165 764 406 828 intercederent
428 764 515 827 inter
536 764 622 848 ipsos
645 772 744 848 atque
768 763 984 841 Ariovistum,
1001 771 1059 827 aut
1081 785 1151 826 rem
1176 765 1179 772 ’

166 864 428 940 frumentariam,
445 871 483 927 ut
512 863 591 926 satis
621 863 790 926 commode
816 863 1002 948 supportari
1029 869 1149 948 posset,

166 962 283 1028 timere
309 963 472 1028 dicebant.
518 963 594 1026 Non
620 962 705 1026 nulli
730 962 832 1026 etiam
860 962 994 1028 Caesari
1020 961 1151 1026 nuntia·

167 1061 259 1141 bant,
282 1084 356 1126 cnm
383 1069 489 1127 castra
514 1061 640 1125 moveri
655 1063 801 1146 assigna
816 1063 895 1125 ferri
911 1062 1068 1139 iussisset,
1086 1084 1152 1125 non

125 1175 155 1210 10
165 1162 235 1227 iore
266 1162 354 1226 dicto
378 1163 546 1226 audientes
574 1161 696 1224 milites
710 1183 816 1245 neque
840 1169 975 1247 propter
998 1161 1151 1226 timorem

166 1263 260 1348 signa
274 1263 408 1326 laturos.

210 1367 285 1426 XL.
318 1362 410 1426 Haeo
426 1382 500 1424 cum
518 1360 814 1436 animadvertisset,
827 1369 1005 1424 convocato
1016 1361 1151 1424 consilio

167 1463 378 1546 omniumque
404 1461 557 1524 ordinum
579 1460 622 1524 ad
644 1461 690 1524 id
703 1459 876 1524 consilium
899 1459 1057 1524 adhibitis
1081 1483 1153 1523 cen-

166 1561 362 1638 turionibus,
379 1561 595 1625 vehementer
610 1582 664 1624 eos
680 1560 869 1625 incusavit:
893 1561 1047 1646 primum,
1064 1560 1154 1643 quod

58 1677 60 1680 ·
125 1685 154 1735 ¹5
167 1667 226 1724 aut
240 1682 340 1743 quam
361 1660 396 1723 in
419 1668 548 1746 partem
571 1667 630 1725 aut
645 1683 710 1744 quo
726 1660 861 1728 consilio
876 1660 1073 1724 ducerentur
1087 1659 1154 1722 sibi

166 1759 389 1843 quaerendum
419 1771 478 1824 aut
507 1761 718 1846 cogitandum
734 1768 898 1845 putarent.
944 1759 1155 1823 Ariovistum

167 1881 201 1923 se
239 1860 372 1925 consule
409 1859 619 1946 cupidissime
655 1861 767 1944 populi
801 1860 940 1924 Romani
972 1860 1155 1924 amicitiam

26 1995 29 2000 ·
108 2003 111 2009 ·
167 1960 351 2045 adpetisse3
375 1982 433 2023 cur
447 1961 535 2023 hunc
551 1967 620 2024 tam
641 1967 765 2022 temere
788 1960 960 2043 quisquam
983 1960 1024 2023 ab
1047 1959 1155 2023 officio

143 2091 146 2098 ν
167 2058 385 2123 discessurum
402 2058 587 2122 iudicaret?
632 2057 704 2122 Sibi
720 2058 852 2144 quidem
869 2058 1060 2143 persuaderi
1084 2079 1156 2143 cog·

123 2185 156 2221 20
168 2159 247 2222 nitis
263 2159 329 2222 suis
345 2157 518 2243 postulatis
533 2167 630 2241 atque
654 2157 820 2242 aequitate
836 2157 1063 2221 condicionum
1080 2179 1156 2242 per·

167 2265 279 2342 specta
294 2279 370 2321 eum
386 2279 491 2341 neque
506 2279 600 2320 suam
616 2279 720 2341 neque
732 2256 844 2343 populi
857 2257 999 2321 Romani
1011 2257 1156 2343 gratiam

166 2356 426 2441 repudiaturum.
474 2355 571 2435 Quod
587 2357 615 2420 si
630 2357 741 2420 furore
756 2364 856 2441 atque
871 2357 1018 2421 amentia
1035 2356 1157 2440 impul-

167 2478 222 2519 sus
237 2454 362 2520 bellum
378 2455 555 2533 intulisset,
572 2456 651 2541 quid
667 2455 802 2520 tandem
818 2455 1034 2521 vererentur?
1079 2456 1155 2520 Aut

168 2577 225 2621 cur
249 2556 372 2621 desua
395 2556 520 2620 virtute
543 2564 601 2620 ant
624 2556 665 2621 de
688 2555 790 2641 ipsius
807 2554 980 2642 diligentia
1003 2556 1153 2640 despera

204 2739 228 2786 8.
250 2738 353 2787 Etiam
366 2735 457 2805 points
469 2735 588 2788 forward
599 2734 665 2788 here
685 2752 714 2787 as
733 2734 924 2805 ordinarily-
934 2739 949 2766 “
958 2751 1027 2787 even
1047 2733 1154 2787 carried

168 2817 243 2870 word
256 2824 284 2870 to
297 2817 424 2870 Caesar.”

205 2906 246 2953 13.
266 2900 326 2954 The
339 2899 473 2970 assembly
485 2900 550 2953 here
561 2899 664 2970 spoken
677 2900 706 2952 ol
723 2918 778 2953 was
792 2908 839 2953 not
851 2900 898 2953 the
911 2900 1039 2969 ordinary
1051 2903 1154 2952 eonsi-

168 2987 245 3036 lium
255 2983 374 3053 (council
382 2983 410 3036 ol
422 2984 501 3052 war),
512 2983 601 3036 which
614 2983 749 3037 consisted
762 2983 791 3037 of
803 2983 849 3036 the
859 2987 953 3048 legati
963 2983 1017 3034 and
1027 2986 1153 3047 tribuni,

168 3066 236 3118 with
248 3066 295 3118 the
307 3067 462 3120 centurione
475 3065 504 3119 ol
516 3066 563 3119 the
576 3065 636 3119 first
647 3065 716 3119 rank
730 3068 913 3134 (primorum
926 3069 1069 3118 ordinum
1082 3081 1154 3118 con·

168 3153 316 3201 tutiones.
348 3149 392 3203 cf.
407 3149 556 3220 Appendix
569 3149 629 3214 111„
642 3149 821 3218 Orrrcnns).
854 3149 983 3201 Aethere
997 3165 1067 3201 were
1080 3150 1155 3218 sixty

169 3233 324 3286 centurione
343 3234 371 3284 in
390 3251 407 3285 a
424 3232 513 3303 legion
533 3233 587 3285 and
607 3233 649 3284 six
667 3231 771 3303 legions
784 3233 812 3283 in
830 3219 955 3285 Caesar's
969 3249 1044 3301 army
1057 3239 1086 3284 at
1099 3231 1154 3284 this

169 3317 242 3380 time,
255 3317 277 3368 it
294 3314 348 3366 will
367 3316 400 3368 be
420 3333 483 3369 seen
501 3315 562 3369 that
580 3315 627 3368 the
646 3315 796 3368 assembled
815 3315 887 3384 body
900 3333 956 3367 was
969 3332 985 3367 a
997 3315 1155 3385 good-sized

169 3416 228 3452 one.

200 3486 244 3532 24,
261 3485 371 3546 Ipsius.
405 3480 481 3536 Used
493 3481 609 3534 because
625 3497 682 3534 sua
694 3481 749 3534 had
762 3480 875 3551 already
887 3481 956 3534 been
969 3480 1112 3551 employed
1126 3488 1154 3534 to

143 3560 266 3614 referto
285 3564 334 3617 the
346 3567 462 3639 subject
476 3566 507 3621 oi
524 3565 575 3620 the
588 3575 729 3621 sentence.
763 3562 866 3616 'laben
874 3565 908 3614 'm
918 3564 1080 3616 connection
1087 3563 1159 3614 nith
