2392 3856
119 124 161 192 20
500 139 625 193 11111
648 138 815 195 onrrror

161 290 256 348 curat
270 293 370 367 atque
390 282 437 346 ita
458 282 638 345 exercitum
660 281 815 345 traducit.
862 279 1011 345 Helvetii
1034 300 1143 364 repen·

161 385 231 447 tino
253 383 323 447 eius
346 383 492 447 adventu
512 381 666 446 commoti
687 403 762 445 cum
784 381 828 458 id,
845 380 931 465 quod
951 379 1016 464 ipsi
1030 379 1144 443 diebus

162 483 233 546 XX
242 482 422 566 aegerrime
435 482 651 558 confecerant,
662 488 700 544 ut
715 480 837 544 flumen
851 479 1040 557 transirent,
1052 478 1144 542 illum

161 604 227 646 uno
250 582 303 645 die
318 582 432 645 iecisse
447 581 685 667 intellegerent,
701 581 824 665 legatos
839 580 881 643 ad
897 601 974 642 eum
987 579 1144 654 mittunt;

132 682 254 751 scuius
277 682 452 767 legationis
474 681 595 745 Divico
616 681 767 766 princeps
790 681 865 757 init,
882 679 938 764 qui
958 677 1048 742 bello
1072 677 1146 743 Oas-

162 782 254 845 siano
278 782 346 844 dux
372 780 603 845 Helvetiorum
625 782 744 844 iuerat.
790 779 824 843 Is
846 780 894 844 ita
911 800 988 842 oum
1005 776 1145 843 anshro

162 881 255 965 egit:
293 881 322 944 si
352 902 466 966 pacem
500 881 639 965 populus
675 880 843 943 Romanus
876 900 951 942 cum
982 876 1147 942 Helvetiis

161 979 295 1057 faceret,
319 980 354 1043 in
382 987 598 1064 campartem
621 979 724 1042 ituros
747 986 846 1063 atque
861 977 909 1041 ibi
923 977 1054 1041 futuros
1070 975 1148 1041 Hel-

162 1080 277 1157 vetios,
293 1079 352 1142 ubi
367 1101 422 1143 eos
439 1078 562 1143 Caesar
578 1078 803 1142 constituisset
817 1085 916 1161 atque
939 1098 1008 1141 1111
1030 1076 1149 1141 voluis-

121 1187 230 1257 1⁰set3
263 1181 314 1244 sin
338 1180 426 1244 bello
449 1180 600 1264 persequi
623 1189 856 1264 perseveraret,
883 1177 1150 1245 reminisceretur

163 1287 197 1344 11
226 1281 346 1344 veteris
374 1279 575 1344 incommodi
606 1279 720 1365 populi
753 1279 894 1343 Romani
922 1286 958 1342 et
986 1279 1148 1363 pristinae

163 1380 297 1445 virtutis
324 1379 565 1443 Helvetiorum.
629 1378 727 1458 Quod
756 1379 933 1462 improviso
963 1400 1068 1442 unum
1095 1399 1149 1464 pe·

162 1501 242 1564 gum
257 1480 392 1543 adortus
407 1488 500 1556 esset,
517 1501 592 1542 cum
606 1478 631 1542 ii
654 1479 710 1563 qui
730 1478 852 1541 flumen
871 1477 1068 1542 transissent
1083 1477 1149 1543 suis

163 1577 323 1641 auxilium
339 1579 425 1642 ferre
447 1601 514 1642 non
537 1585 680 1664 possent,
696 1600 738 1641 ne
761 1578 890 1641 obeam
912 1599 983 1641 rem
997 1585 1057 1642 aut
1071 1599 1149 1642 suae

120 1704 151 1754 ¹5
163 1700 359 1763 magnopere
374 1679 492 1742 virtuti
509 1679 670 1743 tribueret
685 1685 743 1742 aut
762 1678 850 1763 ipsos
866 1677 1059 1762 despiceret.
1105 1675 1149 1742 Se
1195 1678 1196 1699 ³

163 1777 210 1840 ita
233 1800 253 1842 a
277 1777 425 1861 patribus
452 1778 696 1862 maioribusque
718 1777 786 1841 suis
806 1777 971 1854 didicisse,
987 1784 1026 1841 ut
1044 1777 1150 1863 magis

163 1877 288 1943 virtute
307 1879 543 1942 contenderent
558 1899 657 1961 quam
677 1876 753 1940 dolo
779 1884 837 1940 aut
859 1875 987 1940 insidiis
1010 1878 1151 1941 niteren-

162 1984 228 2041 tur.
275 1977 385 2056 Quare
400 1999 440 2040 ne
456 1977 686 2052 committeret,
702 1983 741 2039 ut
755 1975 784 2039 is
799 1975 898 2053 locus,
914 1975 973 2039 ubi
988 1977 1152 2041 constitis-

163 2083 248 2152 sent,
271 2098 312 2139 ex
328 2076 530 2140 'calamitate
555 2074 670 2160 populi
692 2074 834 2140 Romani
864 2083 898 2139 et
927 2075 1151 2140 internecione

120 2196 152 2233 20
163 2176 326 2240 exercitus
342 2199 461 2241 nomen
477 2184 609 2262 caperet
621 2185 679 2240 aut
694 2177 887 2242 memoriam
901 2179 1064 2263 proderet.

207 2283 304 2341 XIV.
331 2276 395 2339 His
411 2275 533 2341 Caesar
547 2277 596 2341 ita
618 2276 805 2362 respondit:
829 2299 868 2340 eo
889 2277 954 2340 sibi
969 2274 1079 2342 miuus
1093 2277 1153 2342 du·

163 2375 335 2439 bitationis
346 2376 427 2454 dari,
440 2377 527 2461 quod
543 2399 599 2441 eas
614 2399 676 2455 res,
687 2399 767 2460 quas
783 2376 885 2462 legati
901 2376 1051 2442 Helvetii
1066 2399 1152 2441 oom-

163 2483 409 2552 memorassent,
420 2477 577 2540 memoria
588 2483 726 2553 teneret,
739 2484 838 2560 atque
854 2497 892 2540 1ο
904 2476 1038 2561 gravius
1052 2477 1150 2556 ferre,

164 2599 284 2653 Romans
304 2598 388 2670 spoke
406 2600 435 2652 of
456 2600 579 2670 building
597 2617 615 2653 a
632 2600 728 2670 bridge
748 2600 825 2652 “in''
843 2617 874 2653 or
893 2606 989 2671 “upon
1000 2601 1016 2624 '⁹
1028 2617 1045 2652 a
1062 2601 1149 2667 river,

164 2683 254 2736 where
268 2699 308 2735 we
321 2700 369 2753 say
383 2689 472 2735 “over
481 2685 496 2706 ”
508 2700 568 2736 one.

200 2770 226 2832 5,
242 2769 266 2816 6.
285 2769 338 2830 qui
353 2802 359 2816 .
374 2802 379 2814 .
394 2767 520 2817 .fuerat.
554 2766 580 2817 A
592 2765 726 2835 tolerably
739 2765 784 2818 old
799 2783 870 2830 man,
886 2764 1030 2827 therefore,
1044 2763 1080 2832 by
1093 2764 1151 2819 this

164 2848 228 2900 time
244 2849 291 2918 (58
304 2863 332 2899 Β.
347 2847 397 2916 a).

201 2934 225 2981 8.
243 2934 275 2980 in
292 2946 359 2982 eam
379 2936 500 2994 partem
519 2933 626 2983 ituros.
671 2930 762 2983 These
774 2930 862 2982 words
882 2945 953 2982 seem
966 2927 1100 2998 toimply,
1113 2947 1150 2983 on

164 3011 212 3064 the
225 3013 328 3081 partos
340 3013 386 3065 the
400 3011 531 3077 Helvetii,
546 3030 563 3065 a
572 3013 736 3083 willingness
749 3019 777 3066 to
789 3029 824 3082 go
835 3010 899 3081 only
912 3010 1076 3064 somewhere
1090 3020 1150 3066 out·

166 3093 223 3145 side
236 3092 265 3145 of
283 3094 354 3147 their
366 3111 426 3147 own
440 3103 562 3165 country,
576 3103 623 3148 not
636 3114 653 3148 a
664 3096 802 3149 readiness
815 3102 843 3147 to
854 3101 948 3147 return
961 3094 1074 3147 thither.

202 3180 225 3226 9.
244 3179 307 3228 Eos
324 3177 347 3229 is
365 3177 431 3230 both
450 3179 540 3250 object
558 3178 586 3231 ol
604 3183 821 3231 constituisset
836 3177 885 3246 (=
897 3177 1019 3231 “should
1031 3177 1150 3242 locate‚”

165 3277 205 3324 or,
220 3256 334 3327 strictly,
349 3259 470 3312 “should
482 3262 553 3314 have
565 3261 672 3314 located
683 3262 724 3332 ³⁹),
739 3261 794 3314 and
808 3261 915 3333 subJect
926 3259 956 3314 of
971 3276 1049 3313 esse.

203 3347 242 3394 15.
264 3341 323 3394 The
336 3360 459 3396 common
472 3345 656 3397 construction
669 3344 698 3396 of
708 3348 846 3397 tribuere
856 3345 922 3397 with
935 3361 952 3396 a
962 3344 1050 3396 direct
1058 3343 1150 3414 object

166 3441 251 3477 seems
276 3442 349 3477 more
367 3425 476 3479 natural
494 3435 523 3480 to
540 3445 572 3480 us
590 3427 657 3480 than
676 3427 731 3480 this
750 3444 797 3479 use
818 3427 848 3481 ol
871 3427 918 3480 the
936 3429 1003 3480 verb
1021 3425 1088 3480 with
1112 3443 1149 3480 an

159 3506 272 3571 adverb,
283 3523 368 3560 -ne
385 3524 571 3575 magnopere
590 3513 741 3563 tribueret
752 3535 788 3556 =
801 3509 865 3563 “let
881 3510 938 3562 him
957 3510 1034 3576 not,”
1047 3526 1077 3562 or
1090 3507 1149 3563 “he

142 3587 234 3656 ought
243 3599 297 3644 not
311 3599 344 3656 to,
361 3600 406 3647 set
417 3603 501 3666 great
514 3603 589 3650 store
600 3593 670 3666 by.”
