2392 3856
222 153 345 208 LIBER
370 155 395 208 I.
423 155 508 209 CAP.
533 156 671 223 XLVII,
689 158 828 211 XLVIII
1039 143 1081 208 53

51 292 118 356 His
135 296 313 373 mandavit,
327 305 364 360 ut
378 319 462 381 quae
477 298 600 363 diceret
610 299 797 364 Ariovistus
806 307 1038 385 cognoscerent

51 400 88 456 et
103 394 146 457 ad
166 414 200 458 se
216 396 384 461 referrent.
431 396 521 476 Quos
537 420 612 463 cum
627 400 716 484 apud
731 422 766 464 se
780 399 815 463 in
832 401 946 464 castris
963 400 1039 464 Ari-

52 494 178 558 ovistus
202 498 432 581 conspexisset,
457 499 601 562 exercitu
631 521 690 562 suo
712 509 884 584 praesente
913 501 1039 564 concla-

54 593 176 657 mavit:
201 595 279 679 quid
302 596 344 658 ad
366 619 401 659 se
416 598 594 661 venirent?
639 600 695 662 An
712 599 902 684 speculandi
917 600 1039 664 causa?

53 689 221 757 Conantes
236 695 344 759 dicere
360 697 530 780 prohibuit
545 704 579 762 et
593 699 627 761 in
640 705 773 762 catenas
789 700 936 763 coniecit.
1066 717 1081 766 5

98 799 259 858 XLVIII.
292 795 417 859 Eodem
447 796 501 860 die
531 807 640 862 castra
661 799 827 883 promovit
848 808 883 863 et
905 799 1038 863 milibus

53 916 208 979 passuum
230 895 283 959 VI
305 917 325 959 a
349 895 499 962 Caesaris
522 898 636 961 castris
657 898 718 962 sub
745 904 857 962 monte
881 898 1038 963 consedit.

55 994 220 1058 Postridie
235 995 305 1059 eius
320 995 386 1059 diei
403 1004 532 1081 praeter
547 1006 653 1061 castra
670 998 820 1063 Caesaris
837 1020 912 1062 suas
928 999 1038 1082 copias

54 1094 204 1158 traduxit
220 1102 253 1158 et
270 1095 401 1160 milibus
418 1119 573 1181 passuum
595 1097 722 1162 duobus
739 1097 825 1161 ultra
841 1120 916 1162 eum
931 1105 1039 1162 castra

54 1195 136 1259 fecit
160 1216 197 1258 eo
219 1195 364 1273 consilio,
382 1196 433 1259 uti
455 1197 621 1261 frumento
644 1205 901 1281 commeatuque,
919 1197 974 1282 qui
997 1219 1039 1260 ex
1052 1227 1098 1264 ιοΙ

55 1294 217 1378 Sequanis
234 1301 268 1359 et
291 1295 439 1359 Haeduis
463 1305 720 1381 supportaretur,
738 1296 915 1362 Caesarem
939 1297 1040 1360 inter-

55 1395 213 1459 cluderet.
260 1395 314 1458 Ex
326 1417 364 1459 eo
379 1397 432 1459 die
448 1396 515 1459 dies
526 1397 697 1460 continuos
712 1397 747 1460 V
764 1397 885 1461 Caesar
901 1418 959 1481 pro
975 1418 1041 1460 cas·

55 1496 116 1558 tris
132 1516 208 1558 suas
223 1496 333 1580 copias
348 1496 505 1580 produxit
525 1504 560 1559 et
580 1497 684 1560 aciem
702 1495 896 1561 instructam
912 1496 1039 1574 habuit,

57 1601 104 1670 ut,
121 1594 149 1658 si
164 1594 266 1658 vellet
280 1594 469 1659 Ariovistus
484 1595 608 1680 proelio
624 1596 832 1673 contendere,
848 1596 879 1658 ei
894 1602 1040 1682 potestas

57 1717 121 1758 non
138 1694 275 1758 deesset.
324 1695 509 1758 Ariovistus
533 1695 584 1758 his
608 1695 759 1758 omnibus
782 1695 898 1759 diebus
923 1695 1084 1772 exemi-15

56 1801 131 1858 tum
161 1795 275 1858 castris
306 1794 481 1874 continuit,
506 1795 648 1879 equestri
675 1795 798 1879 proelio
822 1795 943 1858 cotidie
969 1817 1042 1859 con-

57 1893 177 1958 tendit.
224 1892 337 1957 Genus
368 1894 428 1956 hoc
455 1902 526 1957 erat
556 1916 695 1980 pugnae,
721 1915 786 1977 quo
815 1916 850 1957 se
881 1892 1041 1957 Germani

58 2000 294 2057 exercuerant:
326 1993 473 2077 equitum
497 1993 590 2057 milia
616 2000 710 2057 erant
732 1993 796 2071 VI,
819 1993 957 2056 totidem
984 2015 1042 2056 nu-

56 2114 149 2157 mero
170 2093 299 2178 pedites
315 2094 509 2157 velocissimi
529 2116 567 2157 ac
588 2093 769 2172 fortissimi,
785 2115 866 2177 quos
886 2114 928 2157 ex
951 2091 1042 2156 omni

57 2193 153 2278 copia
171 2193 292 2278 singuli
313 2193 457 2278 singulos
480 2216 558 2256 suae
580 2193 695 2258 salutis
718 2201 817 2257 causa
832 2193 1084 2278 delegeranttro

57 2315 133 2357 curn
162 2293 213 2356 his
239 2293 273 2356 in
299 2293 431 2378 proeliis
458 2292 683 2370 versabantur,
708 2293 752 2357 ad
777 2315 831 2358 eos
853 2315 888 2356 se
915 2292 1041 2377 equites

57 2392 283 2476 recipiebant3
307 2393 350 2469 hi,
367 2393 395 2455 si
418 2393 497 2476 quid
515 2400 587 2457 erat
606 2393 729 2469 durius,
751 2392 997 2467 concurrebant,
1014 2392 1042 2454 si

58 2493 117 2578 qui
139 2492 288 2577 graviore
308 2493 444 2556 vulnere
467 2498 601 2576 accepto
616 2513 699 2576 equo
714 2492 891 2568 deciderat,
909 2491 1043 2554 circum-

58 2592 243 2666 sistebant3
260 2592 287 2654 si
310 2613 375 2676 quo
397 2601 468 2655 erat
490 2591 619 2676 longius
640 2591 866 2675 prodeundum
887 2597 945 2653 aut
960 2589 1043 2652 cele·

58 2693 127 2756 rius
160 2691 392 2777 recipiendum,
425 2699 518 2755 tanta
552 2697 623 2754 erat
654 2690 769 2753 horum
807 2688 1043 2753 exercitatione
1054 2717 1086 2768 25

59 2792 220 2868 celeritas,
249 2798 286 2855 ut
312 2791 397 2854 iubis
423 2791 586 2854 sublevati
610 2811 768 2874 equorum
794 2810 924 2852 cursum
951 2788 1045 2852 adae·

59 2902 210 2977 quarent.

59 3024 90 3076 in
108 3022 156 3075 the
170 3022 279 3075 ancient
298 3019 383 3073 world
401 3037 418 3072 a
430 3026 486 3072 sort
504 3019 533 3072 of
551 3018 648 3072 official
667 3019 816 3082 character,
830 3016 885 3070 and
903 3016 1015 3087 implied
1028 3033 1045 3068 a

37 3114 39 3119 '
61 3105 197 3160 closeness
209 3105 238 3157 of
249 3104 363 3157 relation
377 3104 451 3173 quite
464 3102 573 3172 beyond
588 3102 661 3154 what
673 3103 697 3154 is
709 3101 848 3154 indicated
861 3100 897 3170 by
910 3100 958 3152 the
970 3086 1045 3170 Eng-

61 3189 115 3242 lish
125 3189 214 3241 words
225 3194 241 3220 ‘⁴
253 3196 331 3258 guest
339 3188 355 3210 '’
363 3186 418 3238 and
432 3193 447 3218 “
456 3184 646 3255 hospitality.”
676 3184 736 3237 The
744 3184 858 3238 relation
867 3201 922 3236 was
935 3182 1045 3236 handed

62 3273 142 3326 down
161 3271 231 3323 from
249 3270 340 3323 father
358 3277 387 3322 to
405 3287 463 3333 son,
478 3269 533 3321 and
552 3269 579 3320 in
593 3267 666 3337 early
681 3268 758 3320 times
771 3283 827 3318 was
845 3265 961 3336 typified
979 3267 1045 3335 bya

62 3358 140 3426 piece
159 3354 188 3407 of
205 3362 313 3424 pottery
334 3351 436 3422 (called
454 3352 490 3421 by
508 3351 556 3404 the
576 3350 695 3403 Romans
713 3356 834 3402 tessera
851 3349 1042 3416 hospitans),

62 3438 167 3493 broken
186 3438 244 3491 into
262 3444 316 3490 two
328 3434 451 3506 parts,of
468 3433 558 3487 which
576 3451 627 3486 one
646 3450 701 3486 was
720 3433 800 3503 given
820 3440 848 3485 to
867 3431 935 3484 each
953 3429 981 3483 of
999 3430 1046 3482 the

61 3527 118 3576 two
131 3519 227 3592 people
237 3519 298 3572 who
311 3518 423 3572 entered
434 3519 493 3570 into
505 3517 552 3570 the
564 3515 690 3569 relation.

95 3609 137 3656 26.
154 3607 377 3668 adaequarent.
417 3602 536 3661 Tacitus
548 3602 693 3657 mentions
703 3599 765 3655 this
775 3594 899 3652 metnoh
910 3591 946 3644 ot
957 3588 1092 3655 haduis&
