2392 3856
125 125 166 191 56
502 142 626 196 BELLI
650 142 773 197 GALLI
774 142 818 196 CI

211 292 285 349 LII.
318 284 439 349 Caesar
453 284 589 370 singulis
610 284 793 370 legionibus
810 284 955 369 singulos
975 284 1104 370 legatos
1118 291 1150 348 et

168 393 370 469 quaestorem
388 385 554 470 praefecit,
571 385 621 449 uti
641 406 696 448 eos
714 391 815 448 testes
835 406 913 448 suae
933 386 1072 470 quisque
1087 384 1149 448 vir·

169 485 250 548 tutis
269 484 428 559 haberet3
452 485 521 569 ipse
536 507 556 547 a
571 485 686 547 dextro
702 506 810 560 cornu,
827 484 914 568 quod
928 506 1003 548 eam
1022 491 1150 568 partem
1184 510 1186 517 ·

169 584 304 647 minime
327 584 455 647 firmam
481 584 625 647 hostium
652 606 721 647 esse
748 584 1036 661 animadverterat,
1062 605 1152 668 proe-

140 685 250 749 stium
277 684 451 747 commisit.
506 683 590 767 (Et)
619 684 666 746 ita
695 685 797 747 nostri
827 684 946 748 acriter
974 683 1011 747 in
1040 683 1151 748 hostes

169 784 263 866 siguo
289 783 366 846 dato
388 784 549 868 impetum
571 783 721 847 fecerunt
743 784 854 866 itaque
878 784 988 847 hostes
1014 791 1151 868 repente

169 884 383 967 celeriterque
407 891 648 967 procurrerunt,
665 890 703 946 ut
724 883 867 968 spatium
892 882 959 968 pila
981 883 1018 946 in
1040 883 1151 948 hostes

169 984 327 1047 coiciendi
350 1005 415 1047 non
431 983 574 1047 daretur.
621 983 763 1047 Reiectis
783 962 860 1068 pilis
881 982 1064 1047 comminus
1086 983 1151 1068 gla-

170 1081 232 1144 diis
258 1088 442 1166 pugnatum
465 1089 524 1144 est.
575 1082 623 1143 At
648 1079 807 1144 Germani
829 1080 990 1156 celeriter,
1015 1102 1059 1144 ex
1081 1102 1152 1144 con·

128 1209 159 1244 ιο
169 1180 342 1244 suetudine
372 1188 441 1253 sua,
474 1180 636 1264 phalange
665 1180 757 1244 facta
786 1181 928 1264 impetus
965 1179 1150 1264 gladiorum

170 1288 378 1364 exceperunt.
425 1279 561 1363 Reperti
584 1287 661 1342 sunt
685 1280 868 1363 complures
894 1279 1008 1354 nostri,
1034 1281 1091 1363 qui
1117 1279 1150 1343 in

169 1381 334 1466 phalanga
360 1379 523 1442 insilirent
545 1388 579 1441 et
600 1386 694 1443 scuta
716 1379 868 1444 manibus
899 1379 1096 1443 revellerent
1117 1387 1150 1443 et

170 1481 310 1563 desuper
324 1479 545 1542 vulnerarent.
593 1477 679 1542 Cum
701 1473 843 1543 hostium
867 1479 953 1543 acies
976 1500 996 1542 a
1019 1479 1150 1543 sinistro
1184 1488 1186 1559 ζ

170 1601 272 1643 cornu
293 1579 387 1663 pulsa
409 1587 507 1662 atque
528 1579 562 1641 in
581 1579 694 1663 fugam
711 1579 857 1642 coniecta
879 1587 975 1656 esset,
991 1601 1012 1642 a
1033 1579 1150 1643 dextro
1184 1570 1186 1607 ³

129 1699 159 1749 15
170 1700 269 1742 cornu
284 1678 496 1741 vehementer
511 1677 724 1741 multitudine
740 1700 870 1741 suorum
888 1686 1033 1742 nostram
1049 1679 1150 1743 aciem

170 1779 373 1864 premebant.
418 1777 459 1841 Id
475 1800 548 1841 cum
564 1777 850 1842 animadvertisset
865 1778 903 1842 P.
922 1777 1061 1842 Crassus
1076 1779 1151 1843 adu·

170 1879 304 1956 lescens‚
320 1878 376 1961 qui
399 1877 560 1961 equitatui
582 1887 741 1962 praeerat,
765 1878 850 1961 quod
874 1877 1059 1962 expeditior
1081 1884 1151 1942 erat

170 2001 268 2063 quam
290 1978 313 2040 ii
336 1978 392 2060 qui
415 1979 502 2041 inter
523 1977 623 2040 aciem
648 1977 873 2054 versabantur,
891 1977 1024 2041 tertiam
1048 1977 1151 2042 aciem

171 2078 395 2142 laborantibus
411 2075 530 2140 nostris
545 2076 688 2140 subsidio
705 2077 800 2140 misit.

126 2195 160 2230 20
215 2186 304 2242 LIII.
344 2177 398 2240 lta
424 2176 582 2260 proelium
610 2177 798 2239 restitutum
825 2185 886 2253 est,
914 2187 1013 2260 atque
1040 2198 1151 2240 omnes

169 2278 280 2341 hostes
303 2286 396 2360 terga
417 2282 587 2338 verterunt
610 2298 670 2340 nec
693 2277 782 2360 prius
804 2276 919 2360 fugere
941 2275 1151 2353 destiterunt,

170 2398 268 2460 quam
291 2376 332 2439 ad
355 2374 478 2438 flumen
501 2374 653 2438 Rhenum
677 2375 767 2439 milia
787 2397 940 2459 passuum
959 2398 1001 2438 ex
1020 2396 1060 2439 οο
1080 2374 1152 2439 loco

171 2475 300 2541 circiter
315 2474 350 2537 V
366 2484 597 2559 pervenerunt.
626 2474 679 2539 Ibi
695 2477 848 2559 perpauci
865 2485 924 2539 aut
938 2475 1064 2540 viribus
1079 2476 1152 2540 eon·

208 2692 231 2750 l,
247 2689 270 2736 2.
289 2686 409 2747 legatos
424 2687 456 2732 et
469 2687 676 2745 quaestorem.
716 2680 771 2734 For
783 2698 818 2732 an
831 2688 947 2734 account
959 2680 988 2734 oi
1006 2679 1084 2734 these
1095 2679 1152 2733 offi-

169 2785 238 2832 cers,
254 2782 298 2818 see
312 2764 461 2833 Appendix
475 2762 538 2827 111,
553 2762 716 2816 Ormcsus.

207 2855 249 2902 10.
271 2851 429 2915 phalange.
459 2846 510 2898 See
521 2847 672 2916 Appendix
682 2845 823 2910 III.,Trm
833 2845 995 2898 Pnassnx.
1017 2845 1152 2899 Whether

169 2935 197 2986 ln
217 2934 272 2985 this
287 2930 405 2984 German
425 2929 546 2999 phalanx
564 2938 756 3000 arrangement
768 2930 815 2982 the
829 2929 898 2982 lines
913 2929 1015 2981 behind
1033 2929 1080 2982 the
1093 2928 1153 2982 first

168 3016 234 3070 held
247 3015 319 3068 their
328 3012 428 3065 shields
441 3029 505 3065 over
518 3012 590 3064 their
601 3013 686 3064 heads
700 3031 729 3066 so
741 3030 771 3064 as
785 3022 812 3065 to
825 3012 893 3065 form
907 3029 923 3064 a
936 3019 991 3064 sort
1004 3011 1033 3065 ot
1045 3011 1153 3083 sloping

168 3099 236 3162 root,
252 3097 307 3150 like
326 3097 372 3148 the
392 3095 497 3148 Roman
515 3099 644 3148 testudo
662 3095 818 3159 formation,
833 3113 863 3148 or
881 3094 1004 3148 whether
1025 3095 1154 3148 Caesar’s

169 3187 316 3234 statement
330 3180 412 3231 about
424 3179 472 3230 the
486 3177 597 3230 soldiers
611 3177 721 3249 leaping
733 3184 809 3248 upon'
819 3178 866 3230 the
879 3177 1000 3248 phalanx
1013 3178 1068 3230 and
1081 3185 1152 3230 tear·

168 3266 216 3335 ing
228 3281 304 3331 away
317 3262 364 3314 the
378 3261 478 3313 shields
491 3260 594 3330 applica
608 3269 635 3314 to
648 3261 694 3314 the
708 3261 809 3313 shields
822 3261 851 3314 of
863 3261 910 3314 the
922 3260 996 3314 iront
1008 3260 1063 3313 line
1076 3260 1150 3332 only,

168 3347 191 3400 is
204 3365 221 3399 a
233 3353 332 3398 matter
344 3343 373 3396 oi
385 3345 501 3412 disputa.

206 3433 246 3481 16.
266 3431 395 3480 Crassus
413 3443 468 3478 was
482 3443 558 3478 ason
572 3425 601 3478 ot
614 3426 661 3479 the
672 3427 800 3479 so-called
812 3427 944 3491 triumvir,
953 3427 1007 3478 and
1016 3443 1071 3479 was
1084 3425 1151 3480 slaiu

166 3512 231 3562 with
244 3511 303 3562 him
321 3511 351 3562 iu
372 3509 418 3562 the
437 3508 569 3562 Parthian
583 3509 741 3580 expedition
754 3509 782 3562 of
801 3514 834 3560 53
848 3525 875 3561 u.
889 3523 915 3562 c.
954 3508 1005 3562 See
1023 3507 1080 3562 also
1094 3510 1152 3580 Ap-

140 3593 257 3657 pendtr
270 3592 310 3645 ΙΙ.
