2392 3856
110 107 153 172 42
491 125 615 178 enarr
639 124 806 180 enarrer

154 275 227 331 tum
240 265 423 332 Sueborum
435 267 474 330 ad
488 267 575 352 ripas
587 266 696 332 Rheni
708 267 902 345 consedisse,
915 267 972 352 qui
984 267 1139 331 Rhenum
1186 288 1190 319 τ

154 367 295 430 transire
325 375 539 443 conarentur3
569 366 622 430 his
645 389 794 452 praeesse
818 363 963 431 Nasuam
990 374 1024 430 et
1052 365 1140 430 Cim·

154 465 282 529 borium
313 467 443 530 fratres.
490 465 619 545 Quibus
648 466 747 530 rebus
777 466 898 530 Caesar
926 466 1141 530 vehementer

155 572 336 630 commotus
357 566 589 630 maturandum
614 566 677 630 sibi
704 567 915 643 existimavit,
931 588 984 644 ne,
1001 565 1030 629 si
1057 587 1141 630 nova

126 683 141 733 5
156 688 272 729 manus
294 665 476 729 Sueborum
499 689 572 729 cum
591 666 759 730 veteribus
775 666 876 751 copiis
891 665 1055 730 Ariovisti
1071 686 1141 728 sese

156 764 388 843 coniunxisset,
411 766 521 829 minus
547 765 645 828 facile
669 766 776 829 resisti
799 774 918 850 posset.
964 765 1084 848 Itaque
1106 785 1141 828 re

155 865 374 930 frumentaria
396 888 495 950 quam
517 865 686 930 celerrime
708 866 817 950 potnit
839 873 1039 951 comparata,
1054 887 1142 950 mag·

155 965 207 1028 nis
222 965 395 1029 itineribus
411 967 452 1030 ad
468 965 676 1031 Ariovistum
691 965 872 1030 contendit.

199 1069 400 1131 XXXVIII.
435 1064 518 1130 Cum
542 1065 645 1128 tridui
668 1065 756 1129 viam
780 1064 997 1150 processisset,
1015 1063 1144 1128 nuntia·

115 1195 145 1233 10
156 1171 225 1228 tum
250 1173 300 1228 est
329 1165 359 1228 ei
389 1165 595 1227 Ariovistum
616 1186 691 1227 cum
717 1164 783 1227 suis
809 1164 959 1227 omnibus
982 1163 1085 1249 copiis
1101 1163 1143 1227 ad

157 1266 381 1351 occupandum
406 1265 656 1345 Vesontionem,
677 1266 763 1349 quod
786 1274 836 1329 est
859 1266 1017 1351 oppidum
1041 1264 1144 1329 maxi-

156 1388 249 1430 mum
287 1366 522 1449 Sequanorum,
554 1366 760 1429 contendere.
821 1365 862 1428 Id
895 1388 937 1429 ne
967 1365 1143 1442 accideret,
1188 1356 1190 1362 ¹

156 1487 353 1550 magnopere
383 1465 446 1528 sibi
476 1466 739 1550 praecavendum
771 1464 892 1530 Caesar
921 1463 1144 1528 existimabat.

157 1565 309 1647 Namque
332 1565 479 1628 omnium
501 1587 623 1642 rerum,
635 1588 719 1650 quae
742 1566 784 1630 ad
808 1565 930 1629 bellum
945 1563 1020 1628 usui
1036 1571 1143 1642 erant,

116 1688 145 1739 1⁵
157 1686 285 1727 summa
301 1671 372 1727 erat
386 1665 421 1728 in
437 1686 476 1728 eo
488 1665 609 1750 oppido
619 1666 771 1742 facultas,
784 1665 937 1749 idemque
949 1671 1068 1728 natura
1080 1663 1145 1727 loci

157 1763 204 1828 sic
234 1763 455 1842 muniebatur,
479 1773 517 1829 ut
546 1787 702 1851 magnam
732 1766 776 1829 ad
805 1765 992 1829 ducendum
1017 1762 1145 1828 bellum

157 1864 251 1928 daret
276 1863 482 1939 facultatem,
510 1872 684 1949 propterea
708 1865 794 1948 quod
819 1864 942 1928 flumen
971 1862 1080 1927 Dubis
1107 1872 1146 1927 ut

157 1965 282 2028 circino
305 1964 566 2028 circumductum
590 1985 693 2047 paene
715 1972 824 2027 totum
848 1964 1005 2049 oppidum
1028 1963 1145 2046 cingit,

157 2063 318 2147 reliquum
335 2063 487 2146 spatium,
504 2061 589 2144 quod
606 2069 737 2124 estnon
758 2062 900 2146 amplius
925 2064 1046 2147 pedum
1069 2061 1145 2142 DC,

114 2182 223 2248 aequa
248 2162 371 2224 fiumen
399 2160 603 2238 intermittit,
630 2182 724 2224 mons
754 2162 902 2225 continet
926 2169 1046 2246 magna
1072 2162 1147 2226 alti-

157 2262 283 2337 tudine,
305 2261 352 2324 ita
375 2269 413 2323 ut
435 2259 560 2324 radices
583 2261 654 2324 eius
676 2260 798 2324 montis
822 2283 863 2324 ex
885 2268 1025 2344 utraque
1048 2269 1146 2347 parte

157 2361 249 2445 ripae
264 2359 411 2424 fluminis
426 2359 629 2445 contingant.
676 2359 777 2423 Hunc
792 2383 904 2424 murus
920 2360 1145 2426 circumdatus

158 2482 267 2524 arcem
284 2459 384 2523 efficit
399 2468 433 2524 et
453 2483 526 2524 cum
551 2460 672 2545 oppido
695 2460 875 2545 coniungit.
922 2459 997 2523 Huc
1021 2458 1147 2525 Caesar

159 2559 286 2646 magnis
309 2560 478 2623 nocturnis
501 2560 690 2643 diurnisque
712 2559 887 2623 itineribus
908 2559 1078 2624 contendit
1095 2582 1148 2624 oc-

116 2685 148 2736 25
159 2667 342 2746 cupatoque
357 2659 478 2744 oppido
493 2659 541 2723 ibi
557 2659 755 2744 praesidium
772 2661 930 2723 conlocat.

203 2765 372 2822 XXXIX.
404 2760 496 2822 Dum
517 2781 637 2843 paucos
664 2758 733 2822 dies
758 2760 799 2823 ad
826 2759 1064 2824 Vesontionem
1096 2758 1146 2822 rei

159 2859 396 2923 frumentariae
422 2865 687 2943 commeatusque
713 2866 812 2923 causa
838 2869 996 2935 moratur,
1012 2881 1053 2921 ex
1075 2880 1146 2943 per-

160 2960 348 3023 contatione
363 2965 551 3022 nostrorum
566 2959 764 3042 vocibusque
783 2957 955 3022 Gallorum
972 2980 1009 3023 ac
1025 2979 1147 3023 merca-

198 3157 221 3203 1.
241 3153 423 3203 Sueborum.
465 3149 516 3202 See
538 3166 608 3219 map,
628 3149 652 3201 B
672 3153 687 3201 8
707 3149 761 3201 and
784 3153 808 3200 9.
845 3147 901 3201 For
922 3166 957 3201 an
980 3156 1096 3202 account
1117 3150 1147 3203 of

160 3235 243 3299 them,
257 3233 293 3286 ci.
309 3233 386 3286 Book
405 3231 467 3297 IV.,
482 3232 532 3286 Ch.
546 3232 579 3296 I.,
594 3232 648 3285 and
662 3249 706 3284 see
722 3231 872 3302 Appendix
885 3230 905 3282 I.

198 3325 240 3371 11.
259 3320 495 3370 Vesontionem.
536 3315 587 3368 See
609 3333 681 3385 map,
703 3313 725 3368 C
746 3318 769 3367 6.
807 3313 867 3366 The
887 3314 1000 3367 modern
1019 3330 1098 3367 name
1117 3315 1147 3367 of

161 3403 209 3457 the
221 3411 293 3455 town
306 3402 329 3453 is
342 3400 492 3474 Besancon.

198 3492 240 3537 12.
259 3484 273 3537 I
294 3485 365 3537 have
386 3484 499 3537 omitted
522 3486 678 3546 triduique
702 3483 786 3532 vtem
810 3496 829 3531 a
852 3484 919 3532 suis
943 3483 1057 3533 finibus
1076 3495 1146 3544 pro-

144 3572 285 3620 cessisse
297 3568 374 3622 at'ter
385 3570 591 3623 contendere.
629 3564 673 3620 CI.
684 3563 741 3618 last
750 3570 816 3617 note
827 3579 864 3616 on
873 3579 945 3632 perge
957 3567 982 3615 8.
