2392 3856
81 114 124 181 52
463 130 585 183 uuum
609 130 777 185 saturer

126 282 197 339 tum
213 281 272 349 est,
289 268 354 358 qua
369 272 559 357 arrogantia
581 273 614 335 in
631 272 802 357 conloquio
825 273 1016 337 Ariovistus
1032 293 1108 336 usus

125 374 216 439 omni
238 372 350 437 Gallia
365 370 521 436 Romanis
536 372 770 448 interdixisset,
786 373 1013 456 impetumque
1031 373 1106 457 (ut)

125 474 160 537 in
174 484 302 537 nostros
318 472 388 536 eius
404 474 528 555 equites
541 472 704 545 fecissent,
720 472 886 555 eaque'res
900 472 1107 555 conloquium

128 573 323 649 diremisset,
348 572 452 635 multo
482 573 585 635 maior
611 572 762 636 alacritas
792 572 1002 657 studiumque
1031 593 1111 658 pug-

95 672 230 736 5uandi
246 672 348 736 maius
364 672 523 736 exercitui
539 672 694 735 iniectum
710 679 770 735 est.
912 664 914 666 ’

172 777 315 836 XLVII.
340 772 447 834 Biduo
459 781 534 856 post
545 771 734 835 Ariovistus
744 772 786 835 ud
797 770 974 858 Gaesarem
986 771 1111 857 legatos

128 873 237 936 misit:
254 871 389 936 vallese
405 871 446 936 de
462 871 501 934 iis
517 870 623 948 rebus,
638 893 720 955 quae
732 871 820 935 inter
835 893 889 934 eos
904 871 959 957 agi
975 878 1111 957 coeptae

128 993 234 1054 neque
249 971 413 1055 perfectae
429 979 548 1047 essent,
564 991 661 1055 agere
677 992 752 1051 cum
768 993 826 1036 eo:
852 971 902 1034 uti
916 978 977 1035 aut
991 972 1111 1035 iterum

128 1070 299 1154 conloquio
322 1070 409 1133 diem
432 1069 648 1133 constitueret
670 1076 736 1147 aut,
760 1070 789 1133 si
812 1070 847 1132 id
869 1069 978 1135 minus
1000 1071 1111 1147 wellet,

16 1170 19 1177 '
86 1193 171 1234 mex
190 1170 256 1233 suis
271 1170 389 1256 legatis
405 1170 546 1253 aliquem
570 1170 612 1232 ad
628 1191 663 1232 se
678 1170 837 1234 mitteret.
885 1169 1111 1254 Conloquendi

130 1269 265 1335 Caesari
288 1291 385 1334 cause
400 1269 470 1332 visa
489 1291 555 1331 nou
572 1276 631 1345 est,
648 1276 682 1332 et
705 1291 744 1332 eo
765 1269 881 1354 magis,
898 1270 986 1354 quod
1007 1269 1111 1355 pridie

129 1369 198 1433 eius
214 1369 281 1433 diei
297 1368 457 1433 Germani
472 1368 606 1432 retineri
621 1390 687 1432 non
704 1375 888 1453 potuerant,
904 1369 985 1453 quin
1002 1369 1069 1433 tela
1080 1369 1111 1432 in

129 1477 256 1532 nostros
271 1468 441 1531 coicerent.
473 1467 637 1552 Legatum
653 1490 722 1532 sese
741 1491 863 1555 magno
878 1491 954 1533 eum
970 1469 1111 1555 pericula

130 1569 171 1632 ad
195 1590 270 1631 eum
293 1568 467 1631 missurum
485 1578 518 1631 et
540 1568 728 1631 hominibus
742 1569 821 1632 feris
840 1568 1046 1633 obiecturum
1062 1591 1111 1632 ex·

90 1685 120 1734 15
131 1666 310 1732 istimabat.
357 1667 667 1732 Commodissimum
685 1669 791 1731 visum
807 1676 865 1745 est,
884 1668 923 1732 Ο.
940 1668 1111 1733 Valerium

132 1767 324 1846 Procillum,
343 1767 380 1832 O.
396 1767 513 1832 Valeri
530 1767 654 1832 Caburi
670 1768 785 1844 filium,
802 1776 931 1832 summa
942 1768 1067 1832 virtute
1083 1777 1111 1832 et

131 1867 338 1930 humanitate
362 1867 615 1945 adulescentem,
641 1866 732 1929 ouius
755 1874 851 1952 pater
872 1889 893 1931 a
916 1865 953 1931 0.
978 1867 1111 1932 Valerio

133 1967 251 2031 Flacco
267 1966 402 2030 civitate
418 1967 556 2029 donatus
572 1974 653 2045 erat,
666 1973 699 2030 et
715 1975 850 2051 propter
864 1967 1007 2031 fidemet
1022 1989 1111 2052 prop

133 2075 185 2131 ter
206 2067 341 2152 linguae
359 2065 508 2129 Gallicae
530 2065 712 2143 scientiam,
729 2074 795 2150 qua
811 2067 917 2131 multa
933 2067 998 2131 iam
1022 2067 1111 2132 Ario

90 2188 123 2224 ιο
133 2167 236 2230 viatus
252 2165 677 2250 longinquaconsuetudiue
693 2166 860 2243 utebatur,
877 2176 910 2230 et
925 2165 1011 2252 quod
1027 2166 1063 2230 in
1080 2188 1111 2231 ec

134 2266 291 2351 peccandi
315 2264 489 2328 Germanis
512 2287 609 2328 causa
623 2287 689 2329 non
705 2273 799 2344 esset,
815 2266 857 2330 ad
880 2288 956 2330 eum
971 2266 1111 2344 mittere

134 2373 169 2430 et
191 2386 257 2428 una
280 2364 327 2428 M.
346 2364 499 2441 Metium,
523 2365 580 2448 qui
602 2366 744 2451 hospitio
765 2365 928 2430 Ariovisti
949 2365 1111 2429 utebatur.

172 2521 214 2569 13.
233 2516 329 2569 Ihave
341 2517 455 2570 omitted
467 2532 508 2569 ex
520 2521 587 2568 suis
601 2517 673 2570 after
684 2521 840 2583 Legatum.
878 2515 921 2572 Cf.
934 2515 987 2570 last
1005 2527 1070 2571 note
1083 2535 1111 2571 or

135 2618 204 2671 page
218 2604 242 2652 8.
536 2649 540 2661 ,

173 2688 214 2736 16.
234 2684 357 2736 Caburi.
395 2683 455 2736 The
473 2684 599 2754 quantity
618 2683 730 2736 marked
748 2685 776 2735 in
801 2683 856 2736 this
874 2700 954 2736 name
978 2683 1001 2736 is
1020 2683 1085 2754 only
1103 2701 1111 2736 a

136 2775 235 2821 matter
243 2768 272 2820 of
284 2766 458 2837 probability,
471 2784 520 2819 nor
531 2767 555 2818 is
569 2767 701 2836 anything
709 2767 816 2819 further
824 2766 925 2818 known
933 2765 963 2819 of
974 2769 1010 2820 its
1022 2766 1111 2821 bearet

137 2851 204 2904 than
217 2852 240 2903 is
258 2851 323 2902 here
336 2850 484 2902 indicated.
523 2848 583 2902 The
595 2849 678 2902 Gaius
698 2848 824 2902 Valerius
844 2849 967 2912 Flaccus,
980 2850 1017 2919 by
1030 2850 1111 2902 whou

136 2933 180 2986 his
193 2933 283 2985 father
300 2933 356 2985 had
374 2933 443 2985 been
456 2933 536 3002 given
556 2932 658 2985 Roman
679 2932 850 3001 citizenship,
863 2933 919 2984 and
931 2930 1021 2984 whose
1041 2949 1111 2985 nam<

137 3016 185 3069 the
205 3014 293 3069 Gallie
312 3015 406 3084 family
424 3015 480 3067 had
503 3015 648 3078 therefore,
668 3015 814 3085 according
832 3023 860 3068 to
878 3014 987 3085 regular
1005 3023 1108 3069 eustom

138 3099 267 3168 adopted,
292 3116 347 3150 was
366 3115 499 3168 governor
519 3099 562 3167 (as
580 3106 689 3168 praetor
713 3115 744 3150 or
768 3116 798 3151 as
825 3098 998 3168 propraetor)
1018 3098 1049 3151 of
1075 3097 1111 3151 thr

141 3181 229 3235 Gallie
242 3182 371 3251 province
382 3183 410 3232 in
424 3185 456 3232 83
469 3196 496 3233 u.
510 3195 536 3234 c.

177 3269 218 3316 19.
240 3268 346 3317 multa.
382 3263 416 3317 In
429 3263 553 3334 English,
567 3281 601 3316 an
620 3264 722 3316 adverb
736 3262 887 3334 modifying
899 3263 946 3317 the
955 3264 1022 3317 verb
1032 3263 1111 3317 woulr'

140 3347 175 3401 be
187 3348 252 3400 used
264 3347 372 3399 instead
385 3346 413 3400 of
426 3346 480 3398 this
493 3347 630 3418 adjective
643 3347 772 3417 agrecing
784 3345 850 3398 with
863 3345 910 3398 the
923 3363 1056 3416 prououn.

179 3436 219 3483 22.
239 3430 299 3482 The
318 3446 396 3482 name
412 3430 440 3482 of
459 3430 513 3482 this
532 3429 634 3482 Metius
653 3447 768 3499 appears
786 3445 821 3482 on
840 3430 944 3482 certain
963 3431 1038 3482 coins
1057 3446 1111 3483 ass

126 3528 194 3562 man
212 3513 368 3582 appointed
387 3513 425 3584 by
444 3511 554 3578 Caesar,
567 3513 648 3566 when
664 3513 700 3566 he
713 3529 768 3564 was
787 3520 887 3565 master
905 3511 934 3565 of
951 3512 999 3566 the
1015 3512 1111 3566 Romar

113 3591 209 3654 world
230 3602 259 3647 to
270 3596 459 3666 superintend
477 3598 525 3653 the
538 3598 655 3669 ccining
668 3596 697 3650 of
707 3613 819 3665 money.

135 3675 180 3721 22.
203 3677 369 3743 hospitio.
396 3681 471 3738 This
480 3684 564 3758 right
574 3684 605 3739 of
616 3679 786 3753 hospitality
794 3694 827 3732 or
834 3670 1111 3746 guastinendsmqu
