2392 3856
279 107 403 161 arara
426 107 452 161 Ι.
479 108 565 162 cnr.
589 109 696 174 XXX,
717 109 827 164 XXXJ
1047 98 1088 164 35

10 241 18 302 i
65 249 213 315 Helvetii
236 249 452 334 reliquissent,
476 249 535 315 uti
550 251 613 315 toti
640 251 770 318 Galliae
797 253 920 318 bellum
947 253 1046 318 infer·

63 358 134 414 rent
166 349 368 434 imperioque
394 349 581 435 potirentur
606 350 780 436 locumque
810 353 974 417 domicilio
1003 375 1045 417 ex

9 469 11 493 t
62 455 184 534 magna
198 448 294 535 copia
309 449 500 534 deligerent,
514 471 611 533 quem
626 472 668 514 ex
683 452 773 515 omni
789 451 901 518 Gallia
917 461 1045 538 oportu-

60 548 234 613 nissimum
257 570 294 613 ao
323 549 619 613 fructuosissimum
650 551 859 630 iudicassent,
892 553 1045 638 reliquas-

60 670 122 733 que
147 648 298 712 civitates
320 648 550 734 stipendiarias
572 649 742 714 haberent.
789 651 970 729 Petierunt,
994 652 1045 716 uti
1073 668 1088 718 5

59 747 124 812 sibi
140 747 315 812 concilium
331 748 432 812 totius
450 747 580 813 Galliae
596 749 629 812 in
647 750 734 814 diem
755 758 879 814 certam
901 752 1045 816 indicere

57 847 161 932 idque
184 845 336 912 Caestris
351 847 523 912 voluntate
545 848 654 913 iacere
676 850 808 914 liceret:
832 872 902 914 sese
924 850 1045 915 habere

58 948 217 1031 quasdam
233 968 295 1024 res,
311 969 392 1030 quas
407 969 450 1011 ex
465 949 631 1012 communi
646 971 804 1013 consensu
820 950 863 1014 ab
879 971 917 1013 eo
933 960 1045 1034 petere

57 1046 194 1110 vellent.
240 1046 293 1112 Εῑι
314 1068 349 1110 re
371 1048 530 1132 permissa
545 1047 633 1111 diem
649 1049 786 1113 concilio
802 1049 1045 1113 constituerunt

57 1155 93 1208 et
115 1145 187 1210 iure
210 1144 347 1210 iurando
368 1168 408 1210 ne
429 1146 502 1230 quis
523 1148 722 1225 enuntiaret,
739 1149 802 1212 nisi
825 1148 942 1232 quibus
962 1170 1046 1213 com·
1058 1179 1089 1216 10

57 1244 154 1309 muni
170 1245 307 1309 consilio
323 1247 516 1310 mandatum
532 1254 627 1324 esset,
644 1248 731 1312 inter
747 1271 781 1313 se
796 1255 985 1312 sanxerunt.

103 1352 238 1410 XXXI.
270 1345 321 1409 Eo
347 1345 484 1409 concilio
507 1345 642 1410 dimisso
664 1348 752 1411 idem
779 1348 944 1433 principes
970 1347 1045 1411 civi-

58 1452 180 1522 tatum,
207 1444 264 1529 qui
292 1451 370 1510 ante
399 1446 540 1524 fuerant,
564 1446 606 1509 ad
632 1446 807 1512 anstrem
837 1454 1045 1513 reverterunt

58 1544 301 1630 petieruntque,
334 1544 384 1611 uti
418 1545 482 1609 sibi
513 1554 638 1610 secreto
669 1547 709 1611 de
741 1555 802 1612 sua
832 1549 1044 1632 omniumque

57 1645 167 1709 salute
190 1666 267 1709 oum
289 1666 328 1708 eo
349 1666 446 1730 agere
466 1645 591 1711 liceret.
637 1646 690 1710 Ea
713 1670 748 1710 re
775 1647 952 1732 impetrata
974 1670 1044 1712 sese
1058 1672 1087 1722 15

60 1766 174 1808 omnes
203 1743 321 1808 fientes
349 1744 483 1810 ansdri
513 1747 555 1810 ad
584 1747 684 1831 pedes
713 1746 938 1832 proiecerunt:
977 1768 1043 1809 non

59 1845 169 1909 minus
192 1866 226 1908 se
246 1845 281 1907 id
301 1847 497 1909 contendere
513 1853 547 1910 et
562 1847 721 1923 laborare,
738 1867 778 1909 ne
793 1867 930 1930 eaquae
946 1845 1045 1909 dixis·

60 1951 136 2008 sent
157 1944 420 2022 enuntiarentur,
445 1967 544 2030 qnam
559 1946 610 2010 uti
631 1968 669 2010 ea
692 1968 775 2030 quae
797 1946 922 2010 vellent
943 1945 1045 2029 impe-

60 2049 198 2118 trarent,
212 2052 384 2129 propterea
392 2046 490 2128 qnod,
504 2045 532 2108 si
547 2046 759 2110 enuntiatum
769 2052 864 2121 esset,
878 2066 1044 2109 summum

61 2143 95 2207 in
112 2143 295 2206 cruciatum
318 2165 352 2208 se
368 2151 523 2207 venturos
545 2144 706 2209 viderent.
753 2145 897 2209 Locutus
913 2153 962 2209 est
984 2167 1043 2229 pro
1057 2175 1089 2211 ιο

61 2241 112 2306 his
129 2242 318 2307 Diviciacus
334 2242 512 2307 Haeduus:
537 2242 666 2308 Galliae
683 2244 784 2307 totius
800 2244 958 2308 factiones
974 2265 1043 2308 esse

62 2343 163 2419 duas3
194 2342 312 2406 harum
333 2342 471 2406 alterius
493 2343 715 2429 principatum
738 2351 852 2407 tenere
877 2343 1041 2422 Haeduos,

62 2471 108 2525 the
122 2486 291 2524 narrowness
303 2471 332 2524 ol
343 2472 415 2524 their
426 2479 550 2543 quarters
567 2472 621 2524 and
633 2472 722 2524 vexed
739 2473 835 2542 hythe
852 2470 1043 2542 geographical

62 2555 194 2624 difficulty
207 2553 237 2608 oi
254 2554 365 2626 making
376 2574 433 2609 war
445 2574 480 2610 on
497 2556 569 2609 their
582 2556 734 2627 neighbors.
771 2555 975 2619 Furthermore,
988 2558 1042 2607 flo-

62 2641 246 2691 rentissimis
266 2638 330 2691 does
349 2647 396 2692 not
410 2656 522 2708 express
542 2638 588 2691 the
606 2638 720 2709 feelings
739 2639 768 2691 of
785 2638 832 2691 the
852 2637 980 2703 Helvetii,
993 2637 1043 2690 but

62 2720 139 2774 those
152 2720 181 2773 oi
192 2720 240 2774 the
252 2720 331 2774 other
345 2720 431 2775 Gallie
444 2721 536 2774 tribes.

97 2808 139 2874 12.
157 2807 250 2857 idem.
287 2802 315 2856 N
316 2804 385 2857 otice
395 2804 456 2857 that
466 2804 520 2858 this
533 2805 555 2857 is
565 2805 613 2857 the
621 2806 713 2874 plural
722 2804 895 2868 nominative,
906 2803 1042 2856 occasion-

62 2885 115 2957 ally
127 2885 215 2940 found
227 2887 334 2940 instead
347 2887 376 2940 oi
386 2887 434 2940 the
447 2889 523 2941 usual
534 2891 637 2940 iidem.

98 2974 140 3022 13.
162 2973 217 3034 qul
229 2977 301 3023 ante
312 2972 442 3024 fuerant.
467 2970 528 3024 One
541 2969 570 3024 of
582 2971 659 3024 those
672 2969 741 3023 little
754 2978 830 3023 turns
843 2969 873 3022 oi
884 2969 1042 3038 expression

63 3069 91 3106 so
100 3052 301 3123 nnexpectedly
311 3053 365 3106 like
373 3053 419 3106 the
429 3053 544 3125 English
553 3053 614 3106 that
622 3053 669 3106 the
680 3054 811 3106 attentive
821 3053 932 3105 student
941 3053 1042 3122 always

63 3142 151 3206 greets
164 3134 239 3188 them
252 3136 317 3188 with
330 3135 443 3207 delight.

99 3225 140 3270 14.
159 3217 257 3272 Ihave
271 3219 384 3272 omitted
398 3220 443 3272 the
456 3220 546 3273 words
557 3224 590 3273 in
603 3223 727 3273 occulto
741 3219 812 3271 alter
829 3225 960 3273 secreto.
998 3216 1041 3270 Ci.

62 3297 114 3354 last
126 3309 190 3354 note
203 3317 238 3354 on
250 3318 319 3372 page
333 3307 356 3355 8.

99 3389 140 3436 17.
159 3387 323 3437 dixissent.
354 3384 423 3438 This
435 3385 505 3439 form
517 3394 679 3456 represents,
693 3385 722 3437 ol
733 3402 835 3448 course,
848 3383 968 3437 afuturo
981 3398 1042 3453 per-

63 3463 267 3522 fect-“what
285 3467 352 3538 they
369 3468 467 3523 should
486 3469 560 3524 have
580 3468 664 3536 said,’¹
687 3487 731 3536 or,
743 3467 854 3531 neuen,
865 3466 974 3517 “unat
984 3465 1056 3527 mex

60 3563 125 3600 uere
133 3549 220 3619 going
232 3557 261 3604 to
272 3568 331 3623 say.
336 3553 354 3581 ”
