2392 3856
367 137 492 191 LIBER
515 136 541 191 I.
569 137 656 192 cAP.
680 137 791 191 XXXI
1066 123 1107 188 37

35 329 48 368 ,
87 301 211 356 norum,
226 279 261 344 in
286 300 398 343 eorum
420 278 540 343 finibus
563 279 760 344 consedisset
782 280 979 363 tertiamque
995 302 1066 365 par-

40 409 44 418 *
85 387 147 444 tem
171 379 245 466 agri
267 376 421 464 Sequltni,
443 379 608 463 quiesset
630 379 775 465 optimus
797 381 899 444 totius
923 378 1064 457 Galliae,

35 546 38 556 ,
85 478 308 564 occupavisset
322 485 356 543 et
377 501 466 542 nunc
479 478 521 542 de
536 479 642 544 altera
658 487 752 564 parte
775 481 875 545 tertii
897 480 1065 564 Sequhnos

82 578 240 644 decedere
249 578 387 655 iuberet,
400 579 671 664 proptereaquod
686 579 799 664 paucis
811 579 977 643 mensibus
989 586 1067 644 ante

82 678 260 744 Harudum
275 678 367 742 milia
388 678 560 742 hominum
576 678 723 742 XXIIII
739 679 872 742 adeum
887 680 1064 757 venissent,
1095 693 1110 743 5

81 779 202 863 quibus
216 779 307 842 locus
322 800 360 842 ac
375 779 466 842 sedes
481 786 686 863 pararentur.
727 778 888 841 Futurum
904 800 974 843 esse
990 802 1066 864 pau-

81 879 128 943 cis
151 877 258 955 annis,
282 878 333 941 uti
355 899 467 942 omnes
490 899 533 940 ex
563 877 691 942 Galliae
720 877 841 942 finibus
864 878 1066 963 pellerentur

35 998 38 1063 f
81 985 183 1064 atque
213 999 326 1042 omnes
357 977 516 1042 Germani
548 978 703 1042 Rhenum
733 978 928 1053 transirent3
960 1000 1066 1061 neque

35 1086 37 1105 '
80 1079 172 1142 enim
192 1078 425 1142 conferendum
448 1100 517 1142 esse
542 1077 708 1142 Gallicum
731 1099 805 1141 cum
824 1077 1066 1141 Germanorum

81 1200 161 1265 agro
179 1199 285 1262 neque
308 1178 392 1242 hanc
415 1178 681 1242 consuetudinem
698 1178 805 1241 victus
820 1198 895 1241 cum
909 1177 970 1240 ille
984 1199 1068 1240 com·
1080 1203 1110 1239 ιο

80 1278 274 1365 parandam.
330 1278 535 1342 Ariovistum
559 1287 679 1355 autem,
703 1284 740 1341 ut
763 1277 863 1342 semel
894 1275 1066 1340 Gallorum

82 1378 194 1463 copias
216 1377 341 1462 proelio
363 1378 489 1453 vicerit,
512 1379 598 1462 quod
620 1377 782 1463 proelium
804 1377 929 1440 factum
952 1376 996 1439 sit
1025 1376 1067 1439 ad

86 1477 353 1563 Magetobrigam
383 1478 525 1562 superbe
547 1485 581 1542 et
611 1477 789 1542 crudeliter
817 1477 988 1563 imperare,
1012 1475 1068 1540 oh

82 1577 171 1641 sides
193 1576 388 1641 nobilissimi
411 1578 566 1662 cuiusque
595 1577 715 1640 liberos
737 1598 867 1662 poscere
891 1585 926 1640 et
953 1577 989 1640 in
1013 1598 1067 1640 eos

84 1677 197 1741 omnia
211 1677 364 1762 exempla
378 1677 607 1762 cruciatusque
623 1677 731 1753 edere,
747 1676 774 1739 si
790 1699 854 1760 qua
870 1699 921 1740 res
944 1699 1009 1740 non
1025 1676 1110 1745 ad15

83 1784 204 1840 nutum
221 1784 279 1840 aut
301 1778 343 1840 ad
365 1777 571 1842 voluntatem
592 1778 663 1840 eius
678 1776 768 1840 facte
790 1776 842 1838 sit.
889 1775 1068 1839 Hominem

84 1898 154 1940 esse
176 1875 364 1954 barbarum,
389 1877 593 1954 iracundum,
617 1876 851 1940 temerarium:
886 1896 952 1962 non
976 1896 1069 1958 posse

84 1976 155 2039 eius
170 1976 311 2061 imperia
332 1976 456 2039 diutius
473 1976 637 2040 sustineri.
673 1976 757 2039 Nisi
772 1974 852 2058 quid
875 1974 908 2037 in
927 1973 1070 2038 Caesare

83 2075 269 2161 populoque
298 2076 448 2140 Romano
470 2076 513 2139 sit
542 2075 655 2153 auxili,
679 2075 830 2139 omnibus
854 2074 960 2139 Gallis
982 2074 1070 2138 idem

84 2198 155 2240 esse
171 2177 369 2254 faciendum,
386 2178 472 2260 quod
488 2176 639 2240 Helvetii
654 2177 804 2253 fecerint,
822 2183 859 2239 ut
882 2177 978 2239 domo
993 2174 1070 2238 emi·
1081 2201 1113 2237 20

84 2283 194 2361 guent,
217 2276 307 2339 aliud
331 2276 543 2353 domicilium,
561 2277 642 2339 alias
664 2277 766 2354 sedes,
782 2282 924 2339 remotas
947 2298 966 2339 a
990 2274 1070 2340 Ger-

84 2375 203 2453 manis,
221 2383 337 2460 petant
359 2376 600 2460 fortunamque,
618 2397 841 2460 quaecumque
864 2375 1000 2452 accidat,
1017 2397 1071 2439 ex-

86 2475 268 2560 periantur.
316 2475 408 2540 Haec
437 2477 466 2539 si
496 2475 669 2540 enuntiata
701 2474 870 2538 Ariovisto
899 2475 977 2551 sint,
1002 2496 1069 2537 non

85 2574 250 2652 dubitare,
266 2574 346 2660 quin
376 2576 417 2639 de
440 2575 591 2640 omnibus
614 2573 782 2638 obsidibus
805 2574 862 2656 qui
885 2575 972 2657 apud
994 2595 1072 2636 eum

87 2675 154 2738 sint
176 2674 405 2759 gravissimum
428 2674 625 2760 supplicium
648 2681 766 2737 sumat.
821 2672 995 2736 ansltrem
1018 2672 1071 2736 vel
1082 2692 1114 2743 25

87 2773 284 2838 auctoritate
300 2781 360 2838 sua
375 2782 473 2857 atque
483 2773 645 2837 exercitus
661 2772 714 2837 vel
729 2771 854 2836 recenti
869 2771 1007 2835 victoria
1019 2770 1072 2834 vel

122 2920 147 2968 5.
167 2918 336 2968 Harudum.
370 2914 422 2968 See
435 2913 538 2986 map,C
553 2919 578 2967 6.
612 2912 735 2984 Nothing
747 2914 803 2968 else
816 2913 927 2966 definite
939 2912 963 2965 is
972 2912 1071 2966 known

87 2997 116 3051 of
127 2998 206 3052 these
219 2997 324 3069 people.

123 3085 287 3147 luneque
307 3121 313 3134 .
335 3120 341 3133 .
361 3119 367 3132 .
386 3084 634 3146 comparandam.
667 3079 740 3132 That
759 3080 791 3144 is,
813 3078 861 3131 the
886 3077 974 3133 Gallio
993 3079 1071 3133 terri·

87 3171 148 3236 tory
156 3182 212 3218 was
226 3182 255 3217 so
264 3165 344 3218 much
357 3181 430 3217 more
441 3163 530 3217 fertile
544 3164 597 3216 and
610 3163 657 3216 the
671 3162 759 3216 Gallie
774 3162 842 3233 style
851 3161 880 3214 of
892 3161 939 3216 life
950 3180 979 3216 so
989 3162 1070 3216 much

88 3264 162 3301 more
181 3247 307 3302 civilized
325 3247 392 3300 than
412 3246 459 3300 the
481 3245 610 3311 German,
624 3247 685 3299 that
705 3263 739 3298 no
759 3262 818 3311 one,
839 3245 911 3299 after
929 3245 1071 3315 becoming

88 3331 252 3403 acquainted
274 3330 339 3383 with
361 3330 408 3382 the
427 3329 535 3395 former,
549 3329 637 3382 would
658 3329 693 3382 be
705 3336 818 3382 content
831 3328 896 3382 with
917 3329 964 3381 the
977 3327 1068 3393 latter,

35 3456 37 3461 ,
88 3422 135 3467 not
147 3431 216 3468 even
229 3413 276 3466 the
290 3413 422 3468 Germans
435 3413 605 3466 themselves.

124 3501 168 3550 13.
188 3501 441 3563 Magetobrtgam.
481 3495 532 3550 See
545 3513 616 3566 map‚
631 3494 652 3549 O
667 3499 690 3549 6.
728 3494 789 3549 The
801 3495 917 3566 position
935 3493 1074 3547 anderen

85 3579 131 3632 the
148 3596 231 3632 name
243 3580 275 3632 ot
284 3579 339 3633 this
352 3579 433 3653 place
446 3598 494 3637 are
508 3580 643 3655 disputed
653 3581 762 3654 points.
