2392 3856
396 162 524 248 traua¹
543 163 568 216 1.
596 162 681 217 cle.
706 162 760 215 rr
1067 147 1110 216 45

79 305 184 369 rent?
238 305 378 383 Factum
394 304 464 370 eius
479 305 584 369 hostis
600 305 781 390 periculum
797 311 929 391 patrum
945 312 1069 369 nostro

54 459 57 465 .
82 427 160 468 rum
182 404 352 481 memoria,
369 426 443 468 cum
461 404 606 470 Cimbris
630 413 664 469 et
687 404 845 470 Teutonis
868 428 888 469 a
903 404 943 468 C.
961 404 1068 468 Mario

83 505 189 590 pulsis
221 526 287 573 non
317 504 479 568 minorem
517 505 649 569 laudem
679 505 842 570 exercitus
871 527 968 588 quam
998 504 1068 590 ipse

84 605 267 692 imperator
295 605 433 670 meritus
456 605 650 682 videbatur3
687 606 811 669 factum
836 605 935 669 etiam
962 628 1069 692 nuper

76 705 120 769 r’n
144 705 247 793 Italia
261 704 375 769 serviIi
390 706 547 782 tumultu,
564 727 643 789 quos
665 712 777 768 tamen
798 705 921 788 aliquid
937 727 1013 769 usus
1030 727 1069 769 ac
1096 724 1112 773 5
1183 713 1185 718 ’

85 805 283 891 (1ἰεοίρ11ηε,,4
301 826 401 888 quam
430 827 450 869 a
480 804 574 868 nohis
604 805 816 889 accepissent,
847 804 1067 870 sublevarent.
1112 848 1117 866 .

85 905 141 969 Ex
165 926 230 987 quo
252 903 392 968 iudicari
415 926 517 990 posse,
541 912 702 987 quantum
724 904 862 967 haberet
883 904 919 967 in
942 925 977 968 se
991 904 1070 968 boni

86 1004 285 1078 constantia,
301 1010 475 1088 propterea
497 1004 594 1087 quod,
610 1026 690 1088 quos
711 1003 912 1088 aliquamdiu
928 1003 1069 1067 inermes

86 1103 159 1168 sine
175 1110 275 1168 causa
295 1103 490 1181 timuissent,
505 1104 564 1167 hos
584 1114 698 1188 postea
719 1111 861 1167 armatos
877 1125 916 1168 ac
934 1103 1070 1167 victores

87 1213 307 1288 superassent.
368 1203 520 1288 Denique
542 1203 602 1267 hos
626 1225 696 1267 esse
718 1204 849 1268 eosdem
877 1202 1070 1282 Germanos,
1083 1237 1114 1273 10

89 1302 284 1387 quibuscum
306 1324 403 1388 saepe
425 1325 562 1367 numero
586 1302 734 1367 Helvetii
752 1302 919 1388 congressi
936 1324 1001 1365 non
1025 1325 1071 1366 so·

88 1403 159 1467 lum
182 1403 217 1465 in
239 1403 316 1479 suis,
340 1403 513 1467 sedetiam
537 1403 572 1465 in
591 1403 722 1466 illorum
740 1403 858 1466 finibus
879 1402 1071 1488 plerumque

90 1504 293 1587 superarint,⁴
304 1503 361 1586 qui
381 1509 492 1566 tamen
508 1524 603 1587 pares
619 1524 688 1566 esse
703 1511 816 1567 nostro
831 1503 991 1567 exercitui
1006 1524 1071 1566 non

90 1603 272 1689 potuerint.
318 1601 354 1667 si
369 1624 450 1686 quos
472 1602 644 1667 adversum
667 1602 830 1688 proelium
852 1612 886 1667 et
901 1603 980 1688 fuga
997 1602 1074 1668 Gal-

89 1703 198 1767 lorum
213 1711 442 1779 commoveret,
458 1702 528 1778 hos,
544 1703 572 1765 si
595 1709 799 1786 quaererent,
815 1703 957 1786 reperire
979 1724 1074 1788 posse
1086 1729 1116 1779 15

91 1802 312 1866 diuturnitate
334 1801 413 1866 belli
436 1801 625 1887 defatigatis
642 1802 749 1866 Gallis
763 1801 981 1879 Ariovistum,
998 1824 1074 1866 cum

91 1903 214 1966 multos
230 1923 356 1966 menses
372 1901 489 1965 castris
504 1924 539 1965 se
554 1923 591 1965 ac
607 1901 783 1986 paludibus
794 1901 953 1964 tenuisset
967 1923 1075 1984 neque

92 2003 143 2067 sui
166 2009 364 2088 potestatem
380 2003 520 2078 fecisset,
537 2003 748 2087 desperantes
769 2003 835 2066 iam
858 2003 899 2066 de
914 2008 1026 2087 pugna
1041 2012 1075 2065 et

93 2103 255 2188 dispersos
286 2101 396 2167 subito
419 2103 571 2166 adortum
594 2102 700 2188 magis
730 2101 858 2167 ratione
884 2109 918 2167 et
940 2100 1075 2165 consilio

41 2214 44 2305 l
94 2225 193 2287 quam
219 2203 343 2266 virtute
372 2202 498 2267 vicisse.
560 2201 623 2266 Oui
646 2202 768 2266 rationi
792 2210 905 2266 contra
927 2202 1075 2266 homines
1087 2222 1119 2258 20

41 2314 43 2321 '
93 2302 251 2368 barbaros
275 2310 372 2387 atque
388 2302 558 2387 imperitos
573 2302 661 2366 locus
677 2302 802 2379 fuisset,
819 2303 881 2366 hac
904 2325 945 2366 ne
967 2302 1077 2387 ipsum

95 2403 228 2487 quidem
258 2408 389 2487 sperare
419 2410 545 2466 nostros
576 2402 740 2467 exercitiis
762 2403 835 2487 oapi
858 2424 961 2487 posse.
1010 2400 1077 2480 Qui
1142 2388 1144 2394 ⁴

96 2525 190 2566 snum
215 2501 365 2566 timorem
392 2502 426 2565 in
449 2502 497 2565 rei
515 2501 750 2565 frumentariae
766 2501 1009 2565 simulationem
1024 2524 1078 2565 an-

95 2601 285 2688 gustiasque
300 2601 430 2666 itineris
444 2602 639 2678 conferrent,
655 2601 764 2665 facere
784 2608 986 2686 arroganter,
1001 2622 1077 2664 oum

96 2775 143 2830 the
165 2776 274 2828 various
292 2776 376 2828 forms
395 2774 424 2829 of
441 2791 475 2828 so
494 2793 525 2829 or
542 2790 618 2827 suns
637 2774 791 2845 previously
816 2774 966 2845 appearing
983 2774 1011 2826 in
1029 2774 1077 2828 the

97 2858 221 2929 chapter,
237 2858 314 2912 these
326 2866 380 2911 two
398 2858 486 2912 words
504 2856 654 2928 brilliantly
673 2857 806 2911 illustrate
825 2857 872 2911 the
890 2857 1078 2911 effectiveness

97 2940 165 2994 with
186 2941 277 2995 which
299 2940 414 3006 Caesar,
427 2949 455 2995 to
479 2941 526 2994 the
545 2940 699 2995 occasional
717 2941 828 3011 despair
846 2941 875 2993 of
899 2941 946 2993 the
967 2941 1079 2993 modern

97 3024 289 3096 grammarian,
313 3042 376 3077 uses
394 3025 442 3078 the
460 3042 583 3095 pronoun
608 3024 698 3078 which
716 3025 871 3094 designatas
889 3032 960 3076 most
978 3023 1080 3095 clearly

96 3107 145 3161 the
161 3124 273 3178 persons
285 3108 314 3160 in
327 3107 409 3160 mind.

134 3195 159 3243 3.
176 3193 285 3256 pulsis.
323 3190 488 3243 In102-101
504 3204 571 3244 no.

135 3279 159 3326 5.
178 3277 323 3326 tumultu.
361 3273 422 3327 The
440 3292 497 3327 war
514 3274 604 3326 raised
622 3274 651 3326 in
672 3278 753 3325 73-71
775 3288 803 3325 Β.
825 3288 851 3327 c.
876 3274 914 3344 by
934 3273 1081 3344 Spartacus

99 3358 155 3411 and
168 3357 214 3410 the
233 3357 386 3427 gladiatore,
399 3357 461 3410 who
479 3374 550 3410 were
568 3356 672 3428 largely
685 3355 804 3410 German
823 3357 944 3427 captives
963 3356 1081 3408 reduced

97 3448 128 3494 to
141 3440 256 3510 slavery.

136 3528 161 3575 5.
181 3539 268 3588 quos.
305 3522 453 3596 Referring
464 3531 493 3577 to
508 3522 556 3578 the
568 3523 632 3578 idea
643 3522 673 3578 of
685 3522 800 3578 soldiers
809 3522 1093 3595 implied'msevffi

96 3609 236 3658 tumultur.
