2392 3856
291 141 413 196 trena
438 142 463 197 Ι.
491 142 577 196 err.
603 141 833 197 xtra-nrm
1084 127 1126 196 51

95 283 223 348 dimere
245 291 365 369 posset.
413 283 512 364 Quod
534 285 561 347 si
584 285 774 348 decessisset
797 291 831 349 et
855 284 995 348 liberam
1011 307 1083 370 pos·

97 382 274 447 sessionem
300 382 428 451 Gallias
457 384 522 447 sibi
548 383 748 461 tradidisset,
771 406 891 469 magno
923 406 957 448 se
987 383 1083 448 illum

97 482 246 568 praemio
272 492 556 548 remuneraturum
587 490 621 546 et
651 505 873 568 quaecumque
900 483 987 548 bella
1012 484 1083 568 geri

97 583 210 659 vellet,
227 583 298 647 sine
314 583 382 647 ullo
397 584 468 648 eius
483 582 595 647 labore
611 591 644 647 et
659 584 804 668 periculo
819 584 1056 648 coniecturum.

140 688 253 748 XLV.
285 683 395 747 Multa
417 706 437 748 a
460 683 601 747 Caesare
624 685 657 746 in
681 705 752 747 eam
772 683 969 747 sententiam
994 683 1111 749 dictas

97 791 186 860 sunt,
203 804 304 866 quare
320 784 455 868 negotio
471 783 626 846 desistere
642 805 708 846 non
725 790 853 867 posset:
870 805 974 866 neque
990 806 1083 847 suam

96 904 205 966 neque
221 883 334 968 populi
351 882 494 947 Romani
512 883 781 946 consuetudinem
798 883 878 967 pati,
896 883 944 945 uti
960 884 1083 967 optime

97 983 233 1046 meritos
255 982 358 1046 socios
381 983 555 1058 desereret,
580 1004 685 1065 neque
708 1004 742 1046 se
766 982 909 1047 iudicare
938 982 1082 1046 Galliam

97 1086 208 1171 potius
232 1108 300 1150 esse
328 1087 491 1150 Ariovisti
514 1109 612 1170 quam
636 1086 749 1171 populi
773 1086 925 1150 Romani.
987 1085 1082 1150 Bello

97 1194 269 1271 superatos
292 1208 362 1250 esse
385 1187 554 1250 Arvernos
570 1193 603 1249 et
625 1187 774 1250 Rutenos
789 1208 809 1249 a
829 1184 869 1264 Q.
886 1184 990 1249 Fabio
1015 1186 1083 1250 Ma·
1096 1211 1126 1247 10

96 1290 199 1362 ximo,
221 1286 338 1370 quibus
362 1287 501 1371 populus
525 1285 695 1350 Romanus
719 1285 898 1371 ignovisset
920 1307 1024 1369 neque
1047 1286 1081 1349 in

54 1404 57 1409 ’
96 1386 300 1470 provinciam
323 1387 501 1472 redegisset
523 1408 628 1469 neque
644 1386 844 1471 stipendium
860 1386 1080 1470 imposuisset.

98 1484 197 1564 Quod
227 1485 255 1549 si
294 1485 558 1569 antiquissimum
589 1486 740 1570 quodque
778 1493 909 1571 tempus
940 1486 1082 1570 spectari

97 1593 274 1671 oporteret,
292 1585 405 1671 populi
429 1585 571 1649 Romani
586 1585 799 1649 iustissimum
824 1608 894 1649 esse
909 1585 944 1648 in
969 1585 1082 1650 Gallie
1183 1605 1185 1609 ⁴

96 1685 294 1771 imperium3
321 1686 349 1748 si
376 1685 531 1749 iudicium
555 1691 688 1749 senatus
714 1684 879 1749 observari
906 1692 1080 1770 oporteret,
1095 1721 1125 1772 15

97 1785 236 1849 liberam
251 1785 370 1848 debere
386 1806 455 1848 esse
483 1784 638 1862 Galliam,
655 1807 752 1868 quam
775 1783 862 1848 bello
876 1785 999 1848 victam
1014 1785 1081 1849 suis

97 1885 225 1970 legibus
241 1884 291 1948 uti
306 1884 476 1948 voluisset.

140 1990 266 2048 XLVI.
299 1985 387 2047 Dum
411 1984 493 2048 haec
511 1984 545 2046 in
569 1983 742 2067 conloquio
764 1990 933 2068 geruntur,
947 1981 1081 2047 Caesari

96 2085 285 2149 nuntiatum
318 2096 377 2162 est,
402 2084 528 2167 equites
558 2083 721 2147 Ariovisti
751 2083 886 2168 propius
916 2082 1080 2146 tumulum
1169 2121 1173 2130 ·

96 2184 249 2249 accedere
265 2192 300 2249 et
323 2185 365 2247 ad
387 2191 515 2248 nostros
536 2183 735 2267 adequitare,
752 2184 877 2268 lapides
900 2181 1030 2266 telaque
1046 2183 1080 2246 in
1092 2215 1124 2251 ιο

94 2291 224 2349 nostros
247 2284 379 2348 coicere.
426 2282 550 2348 Caesar
579 2282 734 2366 loquendi
757 2283 856 2347 finem
877 2283 958 2346 fecit
981 2305 1080 2366 seque

95 2384 137 2448 ad
160 2405 235 2448 suos
258 2384 382 2468 recepit
404 2384 533 2466 suisque
556 2382 742 2467 imperavit,
767 2403 808 2446 ne
831 2383 917 2466 quod
948 2382 1081 2446 omnino

93 2484 198 2548 telum
215 2483 250 2546 in
272 2482 382 2547 hostes
405 2483 579 2546 reicerent.
625 2481 711 2545 Nam
735 2481 796 2544 etsi
820 2481 891 2544 sine
906 2480 975 2544 ullo
998 2481 1081 2565 peri-

94 2584 168 2648 culo
199 2583 337 2669 legionis
367 2582 514 2646 delectae
535 2604 609 2645 cum
641 2581 788 2664 equitatu
820 2580 980 2664 proelium
1010 2580 1080 2644 fore
1113 2647 1115 2650 Α

92 2682 239 2759 ridebat,
257 2690 367 2746 tamen
391 2681 741 2745 committendumnon
758 2679 907 2763 putabat,
924 2686 963 2742 ut
979 2678 1080 2763 pulsis
1091 2707 1123 2758 25

92 2782 245 2848 hostibus
256 2782 321 2846 dici
341 2789 461 2867 posset,
474 2804 528 2845 eos
544 2779 585 2844 ab
609 2803 717 2865 seper
739 2780 836 2844 fidem
857 2779 892 2841 in
908 2778 1080 2862 conloquio

92 2884 343 2948 circumventos.
390 2881 630 2965 Posteaquam
654 2880 689 2943 in
709 2880 827 2965 vulgus
849 2878 995 2942 militum
1018 2878 1082 2943 ela-

130 3031 190 3078 1-4.
209 3024 276 3077 This
296 3031 431 3086 sentence,
444 3023 551 3092 coming
571 3021 642 3074 after
659 3021 707 3074 the
728 3021 842 3091 spirited
862 3019 917 3072 and
935 3035 1005 3072 even
1023 3019 1079 3072 rio·

91 3109 154 3163 lent
163 3108 298 3178 language
310 3105 339 3160 of
358 3106 521 3169 Ariovistus,
535 3106 557 3156 is
576 3104 623 3157 the
642 3103 695 3173 key
708 3111 737 3156 to
749 3103 792 3155 his
805 3102 860 3156 real
875 3109 945 3155 state
957 3101 987 3154 of
1004 3102 1080 3155 mind

93 3210 124 3246 as
136 3200 165 3245 to
183 3191 230 3244 the
244 3189 372 3261 probable
384 3189 469 3242 result
481 3188 510 3242 oi
522 3205 539 3241 a
551 3187 672 3242 collision
686 3187 752 3240 with
772 3186 819 3240 the
833 3184 962 3251 Romans,
976 3186 1029 3238 and
1040 3202 1079 3238 as

91 3283 122 3329 to
134 3275 182 3328 the
196 3274 324 3326 situation
337 3290 368 3326 as
381 3291 398 3326 a
410 3272 506 3325 whole.

129 3362 172 3410 10.
194 3360 344 3409 Maximo.
382 3355 451 3407 This
463 3371 518 3407 was
531 3355 559 3406 in
573 3358 621 3406 121
637 3369 664 3405 Β.
674 3367 699 3406 c.
732 3351 787 3405 For
799 3352 846 3404 the
860 3350 976 3421 position
989 3348 1018 3403 of
1029 3349 1078 3403 the
1133 3387 1136 3393 -

92 3441 213 3494 Arverni
222 3439 276 3492 and
287 3438 396 3506 Ruteni,
406 3455 451 3490 see
462 3454 534 3507 map‚
545 3436 571 3488 D
582 3441 607 3488 5.
647 3435 701 3488 For
715 3452 788 3488 some
802 3441 917 3488 account
926 3433 955 3486 of
967 3431 1078 3498 Fabius,

91 3542 137 3578 see
151 3523 302 3593 Appendix
313 3521 352 3574 11.

121 3610 163 3656 13.
185 3608 276 3664 Quod
293 3607 331 3657 er.
370 3604 437 3658 “As
463 3611 492 3660 to
510 3603 607 3660 which
623 3602 672 3672 ii,”
693 3599 859 3678 praetentu
880 3594 1050 3669 sudrim&
1061 3601 1112 3652 tu,

76 3683 129 3734 “It
142 3684 232 3737 would
244 3703 361 3758 appear,
378 3689 538 3760 therefore,
553 3691 623 3748 that
634 3690 687 3748 '112'
