2392 3856
344 145 468 199 LIBER
492 145 517 199 Ι.
545 145 630 200 CAP.
657 144 772 200 XVIII
976 152 981 162 '
1046 129 1088 195 25

58 295 182 374 magna
212 288 300 374 apud
328 288 460 374 plebem
493 294 628 374 propter
658 287 893 352 liberalitatem
922 287 1043 372 gratia,

58 388 216 472 cupidum
232 410 342 452 rerum
357 411 526 452 novarum.
575 387 768 473 Complures
783 408 885 451 annos
900 387 1045 472 portoria

57 488 252 572 reliquaque
268 488 377 552 omnia
400 488 616 552 Haeduorum
631 487 806 573 vectigalia
821 509 922 573 parvo
937 487 1044 572 pretio

56 587 231 672 redempta
253 587 384 665 habere,
402 595 575 672 propterea
595 588 682 671 quod
705 587 763 650 illo
785 587 907 651 licente
930 594 1044 651 contra

57 687 153 751 liceri
179 687 300 751 audeat
330 709 436 751 nemo.
483 687 545 751 His
568 687 666 752 rebus
689 693 724 750 et
746 709 838 750 suam
860 708 930 751 rem
952 687 1045 751 lami·
1074 699 1089 749 5

58 787 176 851 liarem
203 787 330 851 auxisse
353 795 388 852 et
412 787 586 851 facultates
614 786 656 850 ad
678 787 885 872 largiendum
908 809 1044 872 magnas

57 908 285 972 comparasse3
308 909 466 972 magnum
476 909 649 949 nnmerum
661 885 827 969 equitatus
839 908 897 949 suo
909 895 1043 970 sumptu

57 1009 189 1073 semper
211 989 299 1052 alere
315 996 348 1052 et
364 989 485 1052 circum
501 1010 535 1051 se
550 988 682 1062 habere,
699 1009 804 1071 neque
823 987 929 1050 solum
944 988 1042 1065 domi,

57 1088 117 1152 sed
147 1089 250 1152 etiam
280 1088 369 1173 apud
400 1088 557 1151 finitimas
587 1087 736 1151 civitates
765 1086 901 1171 largiter
939 1108 1041 1170 posse,

57 1194 158 1270 atque
180 1186 278 1250 huius
300 1188 469 1272 potentiae
492 1194 589 1251 causa
611 1195 752 1251 matrem
773 1186 809 1250 in
833 1186 1043 1271 Biturigibus
1057 1211 1087 1247 ro

57 1286 185 1350 homini
207 1286 277 1349 illic
293 1286 498 1350 nobilissimo
523 1308 561 1350 ac
586 1287 813 1371 potentissimo
839 1285 1021 1350 conlocasse
1033 1310 1042 1363 ;

57 1386 168 1489 ipsum
184 1407 226 1449 ex
242 1385 406 1450 Helvetiis
423 1408 558 1450 uxorem
573 1385 703 1464 habere,
719 1408 862 1450 sororem
881 1407 923 1449 ex
936 1393 1042 1450 matre

58 1492 93 1550 et
115 1485 317 1571 propinquas
341 1507 415 1550 suas
438 1493 579 1571 nuptum
602 1485 638 1549 in
660 1486 741 1549 alias
764 1486 916 1550 civitates
939 1485 1044 1549 conlo-

58 1606 158 1648 casse.
219 1585 344 1649 Favere
377 1594 411 1650 et
441 1608 558 1671 cupere
597 1584 759 1650 Helvetiis
796 1593 933 1671 propter
968 1607 1042 1649 eam

57 1683 275 1760 adfinitatem,
299 1684 405 1748 odisse
436 1684 546 1761 etiam>
565 1705 624 1748 suo
650 1685 781 1748 nomine
806 1684 981 1750 Caesarem
1008 1691 1043 1748 et
1056 1703 1086 1755 15

57 1782 236 1858 Romanos,
260 1784 346 1866 quod
369 1806 482 1848 eorum
507 1785 653 1849 adventu
677 1784 825 1869 potentia
851 1785 921 1848 eius
944 1784 1042 1847 demi·
1090 1854 1092 1858 Α

59 1887 141 1944 nuta
163 1888 197 1945 et
220 1881 410 1947 Diviciacus
432 1884 535 1948 frater
550 1884 585 1946 in
601 1883 773 1968 antiquum
793 1883 901 1946 locum
915 1883 1041 1967 gratiae

59 1980 160 2065 atque
174 1981 308 2045 honoris
331 1984 375 2046 sit
393 1983 577 2047 restitutus.
623 1983 660 2048 Si
674 1983 753 2066 quid
776 1982 902 2055 accidat
925 1981 1043 2046 Roma

56 2078 120 2156 nie,
137 2102 297 2145 summam
321 2082 355 2146 in
379 2105 471 2167 spem
494 2105 553 2169 per
576 2082 748 2147 Helvetios
763 2080 856 2166 regni
871 2081 1042 2145 obtinendi

58 2180 192 2257 venire3
215 2181 354 2266 imperio
376 2183 490 2268 populi
515 2182 657 2247 Romani
679 2204 746 2246 non
763 2182 860 2245 modo
875 2181 916 2244 de
931 2202 1041 2266 regno,
1053 2203 1086 2239 πο

57 2281 116 2344 sed
140 2280 239 2344 etiam
256 2282 296 2345 de
314 2290 354 2346 ea
369 2304 466 2365 quam
489 2282 609 2346 habeat
631 2283 740 2366 gratia
755 2282 936 2367 desperare.
982 2281 1043 2345 Re-

57 2381 210 2466 periebat
232 2383 333 2470 etiam
353 2383 390 2446 in
412 2385 598 2467 quaerendo
617 2384 750 2460 Caesar,
774 2383 859 2466 quod
882 2383 1042 2467 proelium

57 2490 209 2564 equestre
232 2483 405 2546 adversum
427 2484 538 2569 paucis
560 2490 637 2547 ante
660 2481 774 2547 diebus
797 2489 883 2546 esset
904 2482 1040 2558 lactum,

58 2580 191 2644 initium
214 2581 313 2667 fugae
335 2583 461 2646 lactum
477 2606 498 2647 a
513 2584 719 2666 Dumnorige
742 2590 840 2664 atque
863 2581 933 2644 eius
956 2581 1042 2662 equi-

93 2700 128 2746 4.·
138 2698 299 2760 redempta
310 2698 433 2750 habere.
466 2695 508 2748 Ol.
521 2703 666 2749 coactum
678 2698 825 2759 habebat,
836 2692 886 2746 ch.
898 2691 972 2756 XV„
986 2693 1041 2746 and

57 2775 105 2829 the
118 2784 181 2829 note
193 2795 229 2830 on
242 2779 272 2830 it.
309 2778 364 2832 For
377 2797 449 2832 some
462 2787 577 2833 account
590 2779 619 2832 ol
634 2778 680 2831 the
691 2780 797 2850 subject
809 2777 838 2830 of
850 2784 899 2829 tax
910 2774 1039 2846 forming,

59 2875 103 2912 see
118 2860 269 2930 Appendix
281 2860 332 2914 IV.

92 2947 120 3007 4,
133 2947 158 2994 5.
177 2948 261 3008 quod
281 2983 287 2996 .
306 2981 314 2999 .
333 2983 340 2996 .
358 2961 459 2998 nemo.
496 2945 557 2998 The
569 2944 649 2997 order
663 2945 691 2996 in
710 2945 765 2997 this
777 2943 866 2997 clause
880 2941 968 2995 shows
980 2941 1042 2995 that

57 3024 80 3078 it
99 3043 195 3079 means
216 3027 356 3080 “because
374 3028 453 3080 when
474 3043 517 3080 nn
538 3046 594 3080 was
616 3028 731 3097 bidding
755 3026 862 3096 nobody
880 3027 964 3078 dared
985 3040 1040 3078 ΒΗ)

58 3121 194 3162 neaman
206 3108 294 3162 him.''
334 3109 377 3164 cf.
392 3119 455 3164 note
467 3128 502 3163 on
514 3114 600 3175 quod
621 3149 627 3162 .
651 3150 656 3162 .
677 3148 683 3161 .
702 3113 829 3173 nullum,
842 3125 911 3180 page
926 3114 966 3160 14.

94 3196 138 3244 10.
160 3195 305 3245 Potentia
324 3193 346 3246 is
362 3194 409 3246 the
422 3211 513 3264 power
524 3211 575 3247 one
588 3194 712 3264 acquires
724 3193 761 3262 by
773 3192 816 3244 his
829 3210 888 3245 own
901 3209 1041 3245 resouroes

58 3290 88 3326 or
100 3274 251 3339 character,
264 3277 341 3329 cne's
357 3282 374 3308 “
384 3277 516 3329 influence
527 3295 533 3341 ;
543 3278 558 3301 '’
575 3283 727 3342 potestas,
741 3292 832 3345 power
850 3275 988 3328 bestowed
1003 3274 1041 3344 by

57 3356 104 3410 the
116 3358 183 3411 laws
195 3376 226 3411 or
238 3368 424 3429 government‚
439 3361 486 3412 the
498 3377 589 3430 power
601 3359 630 3412 of
641 3358 727 3422 office,
743 3364 758 3389 “
767 3358 932 3427 authority.’'

93 3445 134 3492 22.
154 3446 240 3506 quod
263 3447 422 3508 proellum.
460 3443 514 3495 Lit.
537 3449 591 3495 “aa
616 3449 645 3494 to
664 3441 738 3493 what
759 3441 876 3505 battle,’'
899 3441 916 3492 i.
936 3456 958 3492 e.
987 3440 1040 3492 “in

58 3524 155 3593 regard
168 3532 197 3578 to
210 3526 256 3579 the
269 3526 379 3596 cavalry
392 3525 477 3580 battle
489 3525 608 3591 which?
622 3533 676 3579 etc.

88 3611 129 3656 24.
150 3605 170 3658 I
176 3606 249 3660 have
261 3611 380 3665 omitted
393 3611 442 3666 the
456 3612 536 3666 word
548 3616 619 3667 etna
631 3608 731 3664 which
746 3606 848 3661 stands
857 3602 935 3656 atter
943 3600 1085 3648 ammam

41 3682 70 3735 in
85 3685 131 3738 the
143 3693 340 3764 manuscripts.
382 3695 430 3752 cf.
447 3697 508 3754 last
521 3707 593 3754 note
607 3715 647 3754 on
658 3712 739 3771 page
751 3696 783 3744 b·
