2392 3856
337 154 460 208 LIBER
484 153 509 207 Ι.
537 154 622 209 CAP.
646 155 727 210 XIV
1012 176 1019 189 ·
1048 141 1089 206 21

59 319 125 381 quo
141 295 250 361 minus
265 297 384 360 merito
402 296 515 382 populi
539 297 681 362 Romani
704 297 916 377 accidissent3
939 298 995 381 qui
1019 299 1047 362 si

57 397 199 461 alicuius
218 396 359 461 iniuriae
382 396 445 460 sibi
471 396 617 460 conscius
639 396 766 473 fuisset,
782 420 848 462 non
870 398 1048 461 1111111111-

59 495 148 561 ficile
163 517 277 560 cavere
288 520 296 572 ;
321 497 377 561 sed
401 517 440 560 eo
462 497 645 580 deceptum,
663 498 751 581 quod
773 519 877 580 neque
897 499 1047 562 commis·

58 619 133 659 sum
149 619 168 659 a
183 618 218 660 se
234 596 450 681 intellegeret,
465 618 566 681 quare
580 596 723 672 timeret,
739 618 846 681 neque
861 597 932 662 sine
948 605 1047 662 causa

57 695 244 759 timendum
258 703 402 781 putaret.
450 695 547 775 Quod
564 696 592 759 si
608 696 728 759 veteris
738 697 956 762 contumeliae
967 698 1047 761 cbli-
1075 715 1090 764 5

57 795 142 858 visci
164 795 275 872 vellet,
299 818 380 858 num
402 795 504 859 etiam
526 796 708 859 recentium
731 795 936 873 iniuriarum,
960 798 1047 880 quod

58 917 97 958 10
120 895 227 958 invito
249 895 314 959 iter
337 917 395 979 per
419 895 622 980 provinciam
644 917 702 979 per
724 895 791 958 vim
814 902 1045 980 temptassent,

57 995 147 1079 quod
170 994 337 1072 Haeduos,
354 996 441 1079 quod
460 995 649 1071 Ambarros,
666 995 754 1079 quod
771 995 971 1079 Allobrogas
994 1017 1046 1060 we·

57 1102 204 1172 xassent,
223 1095 413 1158 memoriam
436 1096 599 1180 deponere
622 1096 739 1179 posse?
776 1094 874 1174 Quod
899 1103 959 1159 sua
982 1096 1046 1159 vic-

57 1193 146 1258 toria
160 1199 239 1276 tam]
255 1194 436 1259 insolenter
452 1195 670 1279 gloriarentur
685 1195 836 1279 quodque
851 1201 922 1258 tam
938 1195 995 1258 diu
1010 1217 1044 1259 11
1057 1224 1088 1260 ιο

57 1292 195 1378 impune
217 1294 354 1358 iniurias
377 1294 527 1358 intulisse
551 1292 801 1373 admirarentur,
818 1294 932 1358 ecdem
947 1295 1045 1380 pcrti-

56 1413 147 1456 nere.
195 1391 377 1457 Consuesse
399 1393 489 1456 enim
503 1393 580 1456 deos
598 1393 809 1470 immortales,
826 1416 889 1478 quo
911 1393 1044 1479 gravius

57 1490 208 1556 homines
234 1515 276 1556 ex
300 1493 556 1557 commutatione
583 1514 692 1555 rerum
713 1493 860 1571 doleant,
880 1515 960 1577 quos
984 1516 1043 1580 pro

57 1590 182 1655 scelere
198 1613 311 1655 eorum
326 1593 441 1657 ulcisci
456 1591 571 1667 velint,
588 1591 639 1655 his
655 1593 861 1657 secundiores
876 1594 1044 1658 interdum

56 1711 108 1755 res
125 1697 160 1754 et
174 1691 413 1755 diuturniorem
428 1691 661 1775 impunitatem
672 1692 855 1756 concedere.
903 1693 989 1758 Cum
1004 1715 1043 1759 ea
1056 1727 1086 1776 15

57 1789 107 1853 ita
122 1791 199 1868 sint,
220 1797 345 1868 tamen,
369 1791 397 1854 si
422 1790 551 1855 obsides
575 1790 625 1871 ab
640 1790 680 1853 iis
696 1791 760 1854 sibi
783 1793 913 1869 dentur,
930 1793 981 1856 uti
1004 1816 1043 1858 ea

57 1911 142 1973 quae
158 1889 376 1974 polliceantur
391 1890 534 1954 facturos
552 1889 734 1975 intellegat,
748 1897 782 1953 et
796 1891 825 1954 si
840 1890 987 1955 Haeduis
1002 1892 1043 1956 de

57 1988 199 2067 iniuriis,
215 2012 294 2073 quas
313 1991 392 2075 ipsis
408 1991 566 2074 sociisque
590 2012 703 2054 eorum
718 1990 902 2067 intulerint,
918 1991 1000 2055 item
1015 1992 1042 2055 si

58 2088 297 2174 Allobrogibus
321 2091 400 2153 11111
423 2090 559 2179 faciant,
578 2111 648 2154 sese
675 2112 750 2154 cum
772 2091 813 2153 iis
833 2112 949 2175 pacem
974 2112 1043 2155 esse

10 2186 13 2221 ³
57 2189 233 2252 facturum.
280 2189 401 2253 Divico
416 2189 604 2274 respondit:
628 2190 677 2254 ita
692 2189 865 2254 Helvetios
880 2212 901 2254 a
915 2191 1043 2254 maiori·
1053 2218 1086 2254 ιο

58 2287 120 2351 bus
136 2289 203 2351 suis
218 2289 389 2352 institutos
404 2311 483 2366 1111,
499 2289 550 2352 111
566 2289 694 2353 obsides
709 2289 867 2375 accipere,
883 2313 948 2354 non
964 2291 1042 2355 dare

58 2388 265 2464 consuerint3
290 2389 359 2452 eius
381 2389 430 2452 rei
445 2390 602 2474 populum
626 2389 814 2453 Romanum
828 2412 897 2454 esse
913 2397 1040 2456 testem.

60 2485 132 2550 Hoc
147 2509 302 2572 responso
317 2489 396 2552 dato
411 2488 569 2552 discessit.

96 2695 118 2741 1.
136 2691 197 2751 Qui
210 2691 233 2742 is
245 2690 292 2743 the
306 2691 413 2762 subject
425 2690 453 2743 of
464 2694 584 2758 hriseet,
597 2690 661 2754 and,
675 2689 741 2742 with
751 2694 788 2754 11,
801 2691 824 2743 11
837 2690 996 2761 equivalcnt
1012 2697 1041 2744 10

58 2777 74 2803 “
81 2771 125 2824 101
136 2772 160 2824 if
172 2772 269 2843 they.”

95 2859 172 2907 9-11.
192 2858 283 2917 Quod
297 2894 303 2907 .
317 2895 323 2908 .
338 2895 344 2908 .
357 2859 589 2908 admirarentur.
624 2854 742 2908 Divico’s
755 2856 883 2921 remarks,
897 2873 927 2908 as
940 2857 1041 2928 quoted

57 2938 94 3008 by
107 2937 210 2991 Caesar
220 2939 313 3004 above,
324 2940 359 2991 do
372 2949 419 2991 not
438 2940 546 2991 0011111
560 2939 693 3009 anything
706 2948 735 2992 to
745 2939 834 2993 which
847 2939 901 2992 this
914 2939 1005 2993 clause
1017 2940 1041 2992 is

58 3038 75 3073 a
92 3021 183 3074 direct
200 3038 312 3074 answer.
352 3021 476 3074 Caesar’s
495 3022 582 3074 words
602 3038 673 3074 seem
693 3022 788 3075 rather
805 3028 833 3074 to
854 3021 927 3075 refer
946 3029 974 3076 to
993 3023 1041 3077 the

56 3104 137 3173 spirit
152 3103 220 3172 (and
234 3104 365 3174 probably
378 3105 526 3176 languagc)
547 3105 575 3157 01
593 3104 640 3158 the
657 3104 817 3158 Helvetians
835 3105 864 3158 in
883 3105 993 3176 general
1011 3124 1041 3160 as

10 3212 12 3245 ;
58 3186 240 3256 observcdby
251 3186 369 3240 himself.

94 3274 136 3321 21.
157 3269 183 3320 A
196 3268 349 3339 superficial
368 3269 462 3340 glauce
475 3270 560 3340 might
579 3270 641 3323 lead
660 3288 710 3324 011
729 3277 757 3322 10
770 3271 887 3324 demand
902 3271 949 3324 the
961 3272 1042 3325 order

56 3356 200 3417 accipere
213 3356 349 3418 obsides,
362 3369 426 3405 non
439 3357 520 3418 dare,
528 3355 578 3408 but
587 3354 673 3407 closer
684 3354 883 3407 consideration
897 3354 984 3407 shows
993 3355 1040 3408 the

56 3435 169 3506 slightly
184 3435 313 3489 different
331 3437 408 3506 point
426 3437 455 3488 01
472 3437 541 3490 view
559 3436 588 3489 of
606 3436 731 3490 Caesar's
750 3438 953 3507 emphasis-“
964 3455 994 3491 as
1012 3445 1041 3491 1ο

56 3515 193 3589 hostages,
205 3518 229 3571 it
240 3534 296 3571 was
308 3518 381 3572 their
392 3519 471 3573 habit
482 3527 511 3574 to
523 3519 642 3588 1111111,
651 3527 745 3574 10111
756 3521 822 3591 gire
830 3520 934 3572 1111111
