2392 3856
234 117 358 172 LIBER
381 117 407 172 I.
434 117 520 172 GAP.
545 117 704 186 XXXIII,
728 116 868 172 XXXIV
1045 102 1087 166 39

62 260 93 324 in
119 260 282 325 servitute
307 267 406 345 atque
433 260 467 323 in
494 259 623 325 dicione
645 259 778 323 videbat
802 259 1042 324 Germanorum

59 360 174 438 teneri,
202 381 381 444 eorumque
407 360 536 423 obsides
563 381 633 424 esse
660 359 747 445 apud
774 359 980 423 Ariovistum
1005 381 1043 423 ac

10 450 16 553 ᾗ
60 459 231 544 Sequanos
247 459 480 544 intellegebat3
504 460 591 543 quod
611 460 646 522 in
667 466 761 523 tanto
776 459 914 544 imperio
929 458 1042 544 populi

10 580 13 639 y
58 560 201 626 Romani
224 559 452 645 turpissimum
474 559 538 624 sibi
561 567 595 624 et
618 560 665 623 rei
693 558 843 645 publicae
866 581 936 624 esse
958 559 1043 625 arbi-

10 656 12 721 l
56 660 221 725 trabatur.
280 659 450 724 Paulatim
480 667 591 724 autem
623 658 805 723 Germanos
834 681 1042 724 consuescere
1069 675 1084 726 5

56 759 215 825 Rhenum
251 759 400 837 transire,
432 767 466 822 et
496 758 531 823 in
559 758 704 824 Galliam
736 780 893 844 magnam
929 781 1042 823 eorum

56 859 309 924 multitudinem
339 859 461 935 venire,
492 859 613 945 populo
644 858 793 922 Romano
824 858 1041 943 periculosum

56 959 203 1040 videbat,
227 981 333 1043 neque
354 959 418 1022 sibi
441 958 589 1023 homines
612 958 697 1021 feros
720 979 758 1021 ac
781 957 936 1022 barbaros
963 966 1043 1022 tem-

57 1065 230 1145 peraturos
265 1058 488 1136 existimabat,
511 1058 600 1142 quin,
631 1080 706 1122 cum
733 1079 865 1122 omnem
896 1056 1041 1121 Galliam

56 1158 317 1244 occupavissent,
338 1165 374 1223 nt
396 1166 474 1223 ante
498 1157 626 1222 Cimbri
649 1157 855 1241 Teutonique
877 1157 1085 1236 fecissent,1o

56 1259 93 1322 in
108 1258 313 1342 provinciam
328 1259 457 1323 exirent
480 1264 578 1342 atque
601 1257 677 1322 inde
700 1257 740 1320 in·
758 1256 890 1321 Italiam
914 1264 1043 1320 conten·

56 1359 193 1434 derent3
216 1358 335 1443 quibus
357 1347 455 1422 rebus
470 1380 569 1441 quam
592 1357 785 1421 maturrime
804 1356 1041 1420 occurrendum

56 1458 208 1544 putabat.
256 1458 330 1544 Ipse
346 1466 458 1532 antem
473 1457 664 1521 Ariovistus
684 1463 793 1521 tantos
815 1456 878 1520 sibi
896 1456 1041 1542 spiritus,

56 1563 187 1622 tantam
225 1557 448 1645 arrogantiam
484 1563 679 1643 sumpserat,
711 1563 749 1620 ut
786 1558 939 1621 ferendus
974 1578 1041 1620 non

55 1658 236 1722 videretur.
1055 1676 1084 1726 15

101 1761 271 1824 XXXIV.
305 1756 412 1836 Quam
440 1757 482 1821 ob
508 1779 577 1821 rem
602 1755 728 1842 placuit
757 1755 798 1831 ei,
822 1762 861 1818 ut
883 1756 926 1818 ad
947 1756 1043 1819 Ario

55 1857 181 1922 vistnm
204 1857 329 1942 legatos
353 1857 510 1933 mitteret,
534 1856 590 1939 qui
619 1855 662 1920 ab
691 1876 730 1919 eo
752 1855 968 1939 postularent,
992 1854 1043 1917 uti

10 2008 12 2027 ,
57 1957 202 2040 aliquem
218 1957 324 2020 locum
340 1956 485 2021 medium
497 1955 666 2039 utriusque
677 1953 849 2038 conloquio
863 1952 1039 2038 deligeret:

10 2044 12 2083 ¹
58 2056 145 2121 velle
167 2078 237 2120 sese
260 2056 301 2120 de
323 2079 359 2120 re
380 2057 513 2143 publica
535 2062 570 2120 et
592 2055 729 2118 summis
750 2054 921 2137 utriusque
944 2052 1041 2116 rebus

58 2178 135 2221 cum
160 2177 198 2220 eo
224 2178 330 2241 agere.
385 2156 427 2220 Ei
455 2155 614 2241 legationi
642 2155 830 2219 Ariovistus
852 2153 1040 2238 respondit:
1054 2185 1085 2220 20

59 2255 87 2319 si
109 2254 189 2338 qnid
212 2255 275 2342 ipsi
291 2278 311 2320 a
327 2255 466 2321 Caesare
490 2277 570 2341 opus
586 2263 682 2333 esset,
696 2277 765 2319 sese
781 2254 822 2318 ad
838 2277 912 2318 eum
929 2260 1042 2317 ventu-

58 2377 133 2419 rum
155 2354 275 2431 fuisse3
305 2355 333 2419 si
356 2356 432 2439 quid
456 2355 513 2418 ille
535 2377 569 2419 se
585 2354 677 2431 velit,
694 2355 789 2418 illum
809 2354 851 2417 ad
873 2376 908 2418 se
931 2353 1042 2418 venire

59 2462 222 2540 oportere.
268 2455 446 2519 Praeterea
468 2476 503 2518 se
529 2476 635 2538 neque
658 2454 727 2518 sine
754 2454 901 2517 exercitu
926 2453 961 2515 in
987 2476 1041 2516 eas

59 2561 172 2640 partes
188 2553 318 2619 Galliae
334 2554 445 2620 venire
469 2555 599 2630 audere,
615 2576 696 2637 quas
712 2552 835 2616 Caesar
850 2552 1040 2638 possideret,

59 2676 165 2738 neque
181 2653 362 2718 exercitum
386 2655 458 2718 sine
480 2675 600 2738 magno
623 2661 807 2717 commeatu
823 2660 928 2734 atque
952 2649 1084 2726 moli-25

60 2760 172 2818 mento
187 2753 222 2817 in
238 2775 341 2817 unum
356 2753 463 2817 locum
480 2753 672 2816 contrahere
693 2773 796 2837 posse.
842 2749 914 2814 Sibi
929 2756 1041 2813 autem

59 2853 180 2918 mirum
203 2852 317 2932 videri,
341 2853 420 2938 qnid
442 2853 476 2916 in
500 2860 560 2917 sua
583 2851 704 2928 Gallia,
718 2873 817 2935 quam
839 2849 927 2913 bello
949 2848 1042 2912 vicis-

59 2959 118 3031 set,
142 2963 201 3017 aut
225 2952 360 3018 Caesari
384 2961 442 3017 aut
465 2953 599 3016 omnino
621 2951 743 3037 populo
759 2950 907 3015 Romano
928 2950 1041 3035 negoti

59 3059 155 3118 esset.

95 3237 137 3286 10.
157 3234 275 3286 cimbri
296 3272 302 3286 .
322 3273 328 3286 .
348 3273 354 3286 .
373 3237 531 3287 fecissent.
569 3231 629 3285 The
647 3249 715 3284 wars
734 3230 801 3283 with
819 3230 896 3283 these
914 3230 1041 3282 invaders

60 3313 148 3369 lasted
160 3315 231 3368 from
245 3321 295 3368 113
306 3332 333 3368 Β.
344 3331 371 3370 c.
380 3324 409 3370 to
424 3321 471 3369 101
487 3332 514 3368 n.
526 3330 561 3381 c,
571 3315 650 3368 when
664 3314 729 3383 they
739 3330 810 3367 were
823 3313 917 3382 finally
925 3311 1042 3365 crushed

61 3399 114 3451 and
127 3398 297 3452 annihilated
310 3399 347 3470 by
360 3399 471 3452 Marius.

95 3486 138 3534 11.
156 3480 254 3535 Ihave
267 3482 380 3536 omitted
392 3483 439 3536 the
453 3482 539 3535 words
557 3483 739 3546 praesertim
757 3495 828 3532 cum
847 3481 1009 3542 Sequanos
1023 3494 1041 3529 a

58 3568 221 3627 provincia
237 3571 348 3618 nostra
366 3568 540 3620 Rhodanus
553 3568 718 3620 divideret
731 3563 804 3618 alter
816 3563 1061 3616 contenderem.

53 3641 91 3694 Of.
104 3644 160 3697 last
170 3653 235 3700 note
248 3665 284 3701 on
295 3666 370 3723 page
384 3655 410 3706 8.
