2392 3856
346 113 471 168 LIBER
495 113 521 168 Ι.
544 114 634 180 CAP.
659 114 766 179 XXV„
785 112 894 168 XXVI
1115 100 1156 165 31

126 278 203 320 num
227 255 360 320 milibus
382 256 513 320 circiter
528 256 598 321 XV
613 278 732 340 agmen
756 256 899 319 hostium
918 254 1115 320 claudebant

127 363 159 420 st
179 355 370 420 novissimis
388 356 551 442 praesidio
573 362 679 431 erant,
696 377 737 418 ex
759 355 877 419 itinere
899 362 1026 418 nostros
1043 354 1112 439 (ab)

10 501 12 511 ·
59 518 69 527 ,
126 455 227 520 latere
251 462 367 541 aperto
391 454 537 541 adgressi
565 455 811 531 circumvenire,
834 463 867 518 et
885 455 921 517 id
937 452 1116 539 conspicati

127 555 289 632 Helvetii,
309 555 366 638 qui
389 556 422 618 in
443 562 591 618 montem
615 576 685 618 sese
708 561 908 638 receperant,
931 576 1043 617 rursus
1068 553 1116 616 in-

53 717 62 727 ,
124 663 214 720 stare
237 663 272 719 et
293 655 458 740 proelium
485 654 710 739 redintegrare
736 662 924 738 coeperunt.
972 653 1115 719 Romani
1147 669 1163 718 5

50 777 56 789 ·
124 777 284 820 conversa
294 754 389 840 signa
400 754 558 839 bipertito
566 755 751 818 intulerunt
767 777 774 816 ε
798 753 906 838 prima
922 760 956 818 et
971 753 1116 818 secunda

124 855 222 931 acies,
239 861 277 925 ut
299 855 395 918 victis
419 877 456 918 ac
478 854 636 918 submotis
659 854 834 931 resisteret,
850 854 959 929 tertia,
975 862 1014 917 ut
1029 854 1117 917 veni·

122 962 219 1020 entes
238 955 425 1018 sustineret.

169 1061 303 1119 XXVI.
335 1053 390 1118 Ita
405 1053 543 1138 ancipiti
559 1053 683 1138 proelio
699 1053 756 1115 diu
772 1059 870 1136 atque
893 1052 1012 1115 acriter
1034 1074 1116 1137 pug-

122 1161 244 1217 natum
262 1160 323 1218 est.
368 1153 504 1217 Diutius
529 1174 603 1217 oum
627 1153 787 1216 sustinere
810 1159 993 1214 nostrornm
1017 1151 1160 1237 impe-ro

27 1318 36 1328 ,
124 1258 183 1317 tr'rs
208 1274 276 1316 non
301 1260 443 1338 possent,
461 1253 558 1316 alteri
583 1259 678 1331 saut
700 1258 889 1336 coeperant,
911 1251 946 1314 in
968 1258 1116 1315 montem

124 1359 332 1438 receperunt,
359 1352 456 1416 alteri
486 1353 528 1416 ad
551 1352 789 1437 impedimenta
804 1359 839 1415 et
857 1373 964 1415 carros
986 1373 1061 1414 suos
1083 1373 1117 1416 se

10 1479 14 1491 ’
125 1452 351 1517 contulerunt.
397 1451 484 1515 Nam
515 1453 577 1515 hoc
606 1459 676 1515 toto
705 1451 840 1536 proelio,
859 1473 934 1514 cum
964 1451 1006 1514 ab
1036 1451 1118 1515 hora

125 1551 271 1636 septima
291 1551 335 1616 ad
355 1572 528 1636 vesperum
551 1557 735 1636 pugnatum
751 1551 804 1627 sit,
822 1572 973 1614 aversum
988 1551 1118 1615 hostem

127 1652 242 1716 videre
259 1672 357 1714 nemo
381 1651 500 1735 potuit.
546 1651 604 1714 Ad
628 1650 769 1713 multam
793 1657 924 1714 noctem
949 1650 1050 1714 etiam
1076 1651 1118 1716 ad
1132 1673 1161 1723 1⁵

126 1750 370 1837 impedimenta
385 1757 568 1836 pugnatum
585 1757 646 1826 est,
663 1756 838 1834 propterea
856 1750 943 1833 quod
958 1772 1017 1833 pro
1032 1751 1119 1814 vallo

10 1890 19 1918 ,-
127 1872 240 1914 carros
264 1849 453 1913 obiecerant
477 1858 511 1913 et
536 1872 554 1913 e
577 1850 647 1912 loco
670 1848 836 1932 superiore
860 1849 895 1911 in
919 1855 1046 1912 nostros
1069 1873 1120 1913 ve

129 1950 261 2014 nientes
284 1950 354 2013 tela
368 1949 552 2014 coiciebant
567 1956 600 2013 et
623 1971 688 2012 non
704 1948 788 2011 nulli
811 1949 899 2011 inter
922 1970 1030 2013 carros
1053 1952 1121 2012 ra'e-

11 2031 22 2130 ἶ
131 2050 254 2133 dasque
276 2052 423 2112 mataras
448 2071 486 2112 ac
516 2048 662 2134 tragulas
692 2047 901 2112 subiciebant
926 2056 1119 2131 nostrosque

131 2148 363 2214 vulnerabant.
400 2149 470 2212 Diu
485 2171 559 2212 cum
571 2157 656 2211 esset
671 2156 864 2234 pugnatum,
877 2149 1120 2234 impedimentis
1131 2176 1164 2213 ιο

132 2249 314 2333 castrisque
344 2248 579 2334 nostripotiti
606 2258 692 2312 sunt.
739 2247 792 2311 Ibi
820 2247 1028 2334 Orgetorigis
1052 2249 1121 2314 filia

10 2407 22 2428 2
133 2355 232 2431 atque
248 2369 333 2411 unns
349 2369 367 2411 e
382 2347 460 2411 filiis
475 2355 591 2433 captus
612 2357 672 2410 est.
718 2348 770 2410 Ex
793 2369 830 2410 eo
851 2349 975 2433 proelio
991 2350 1121 2413 circiter

11 2522 24 2530 ,
131 2447 307 2511 hominum
324 2447 416 2512 milia
432 2447 569 2511 CXXX
581 2447 817 2532 superfuerunt
828 2454 932 2531 eaque
943 2455 1015 2513 tota
1027 2456 1121 2514 nocte

134 2545 344 2611 continenter
369 2547 480 2610 ierunt
492 2569 500 2622 ;
535 2547 570 2609 in
601 2547 683 2610 fines
711 2547 897 2631 Lingonum
924 2547 977 2610 die
1004 2555 1120 2630 quarto

172 2729 196 2776 9.
215 2727 355 2790 ancipiti.
401 2723 468 2776 This
481 2725 556 2777 word
573 2725 624 2777 has
636 2725 701 2777 here
711 2725 746 2777 its
756 2723 846 2777 literal
854 2724 980 2794 meaning
992 2724 1021 2777 ol
1033 2730 1121 2778 “two

134 2806 268 2873 beaded,’'
281 2813 299 2839 ‘⁶
309 2807 402 2878 facing
418 2815 473 2860 two
486 2808 591 2877 ways.’'

171 2895 274 2956 13,14.
294 2893 371 2944 hora
389 2895 530 2956 septima.
562 2890 630 2943 This
649 2909 704 2943 was
724 2891 807 2944 about
825 2908 877 2944 one
895 2888 999 2943 o'clook
1018 2898 1047 2943 at
1061 2891 1122 2944 that

135 2990 233 3028 ssason
245 2973 274 3026 ol
285 2973 333 3028 the
345 2991 412 3044 year
424 2975 453 3027 in
466 2975 527 3027 that
540 2973 664 3027 latitude.

172 3060 214 3110 18.
234 3056 295 3111 The
304 3074 409 3111 carrus
418 3075 473 3110 was
484 3075 501 3110 a
511 3057 698 3110 two-wheeled
707 3057 955 3127 baggage-wagon3
972 3056 1019 3110 the
1028 3061 1122 3110 raeda

135 3156 152 3193 a
163 3139 361 3213 four-wheoled
374 3158 556 3211 conveyance,
569 3141 637 3193 used
652 3139 799 3210 especially
811 3138 854 3192 for
872 3141 1057 3211 transporting
1075 3140 1121 3192 the

136 3240 241 3276 women
255 3224 310 3275 and
322 3223 455 3276 children.

172 3309 214 3358 19.
235 3309 358 3358 Matura
365 3324 421 3359 was
434 3306 528 3358 rather
543 3305 869 3376 aheavybroadheadcd
878 3323 975 3377 spear3
994 3308 1121 3371 tragula,

136 3405 154 3442 a
164 3387 236 3459 light
247 3388 358 3459 J'avelin‚
371 3388 469 3441 hurled
482 3389 520 3458 by
532 3406 625 3441 means
639 3389 667 3442 of
680 3407 696 3440 a
709 3398 785 3460 strap
798 3389 926 3443 attached
940 3397 968 3442 to
981 3389 1010 3440 it.

173 3475 215 3522 24.
234 3469 250 3522 I
266 3470 338 3523 have
350 3472 465 3524 omitted
483 3475 601 3524 nullam
621 3479 740 3537 partem
765 3476 870 3526 noctis
894 3476 1004 3525 itinere
1029 3474 1122 3526 inter-

135 3556 234 3606 misso
246 3553 319 3606 after
328 3557 440 3609 lerunt.
479 3552 525 3609 cf.
537 3554 593 3612 last
604 3563 672 3612 note
684 3573 723 3612 on
732 3573 808 3629 page
816 3559 847 3609 t.
