2392 3856
84 131 125 196 26
461 145 587 198 annui
610 143 779 200 enarrer

127 289 226 366 tibus,
236 327 281 337 —
291 311 368 353 nam
385 287 559 371 equitatui,
572 309 670 371 quem
685 286 809 351 auxilio
826 284 961 351 Caesari
977 284 1112 349 Haedui

126 389 295 464 miserant,
312 388 499 451 Dumnorix
515 394 683 473 praeerat:
708 408 820 451 eorum
843 387 924 470 fuga
946 385 1112 468 reliquum

128 510 197 552 esse
209 488 392 571 equitatum
407 488 630 572 perterritum.

171 595 266 653 XIX.
294 587 422 666 Quibus
453 586 549 651 rebus
579 586 728 672 cognitis,
751 607 826 650 cum
856 585 898 648 ad
928 585 989 648 has
1011 584 1116 669 suspi-

98 688 235 751 aciones
251 687 451 752 certissimae
471 709 523 750 res
548 688 749 763 accederent,
765 685 852 768 quod
874 707 933 769 per
950 684 1032 748 fines
1055 684 1114 749 Se-

128 792 311 870 quanorum
334 786 504 851 Helvetios
527 786 739 862 traduxisset,
762 785 849 868 quod
872 783 1002 848 obsides
1025 784 1114 848 inter

128 909 183 951 eos
198 887 323 950 dandos
339 893 492 963 curasset,
509 887 597 970 quod
611 907 651 950 ea
666 886 776 957 omnia
790 906 857 949 non
873 884 970 947 modo
986 883 1113 947 iniussu

128 1008 186 1050 suo
212 994 247 1050 et
268 985 423 1063 civitatis,
447 986 620 1050 sedetiam
642 984 855 1049 inscientibus
871 984 950 1069 ipsis
972 984 1114 1061 fecisset,

129 1087 215 1169 quod
230 1107 251 1149 a
265 1087 460 1170 magistratu
476 1085 692 1149 Haeduorum
709 1092 925 1160 accusaretur,
942 1083 1020 1147 satis
1042 1105 1114 1146 esse

87 1210 119 1248 ro
129 1207 245 1249 causae
261 1184 494 1262 arbitrabatur,
505 1207 605 1268 quare
622 1184 656 1247 in
671 1206 747 1247 eum
762 1190 821 1247 111
830 1182 901 1268 ipse
912 1182 1115 1247 animadver-

129 1292 216 1350 teret
232 1291 289 1349 aut
305 1285 476 1348 civitatem
498 1285 758 1348 animadvertere
780 1283 921 1347 iuberet.
968 1282 1032 1346 His
1048 1305 1115 1345 om-

130 1385 228 1448 nibus
250 1383 347 1448 rebus
363 1406 465 1446 unum
481 1382 698 1469 repugnabat,
715 1383 803 1467 quod
821 1382 986 1446 Diviciaci
1001 1379 1113 1445 fratris

130 1505 295 1547 summum
316 1483 352 1548 in
375 1484 535 1568 populum
558 1483 746 1548 Romanum
770 1483 927 1559 studium,
952 1503 1115 1545 summam

130 1583 221 1645 inse
244 1583 458 1660 voluntatem,
482 1583 648 1668 egregiam
672 1583 782 1660 fidem,
804 1582 975 1658 iustitiam,
992 1590 1116 1664 tempe·

88 1702 119 1752 15
131 1682 273 1745 rentiam
288 1691 503 1767 cognoverat3
526 1705 605 1747 nam
620 1704 662 1747 ne
677 1683 746 1746 eius
769 1681 929 1768 supplicio
950 1679 1114 1744 Diviciaci

131 1781 277 1845 animum
308 1782 490 1847 offenderet
515 1782 702 1847 verebatur.
747 1781 865 1865 Itaque
895 1781 985 1867 prius
1014 1801 1113 1863 quam

131 1880 307 1965 quicquam
328 1889 512 1958 conaretur,
536 1881 744 1945 Diviciacum
769 1881 811 1944 ad
833 1902 868 1944 11
890 1881 999 1945 vocari
1022 1879 1116 1942 iubet

131 1989 166 2045 et
188 1982 361 2046 cotidianis
383 1980 618 2064 interpretibus
634 1979 770 2042 remotis
792 2001 851 2062 per
877 1979 916 2044 Ο.
942 1979 1115 2043 Valerium

132 2080 347 2155 Troucillum‚
363 2080 547 2166 principem
564 2077 692 2143 Galliae
708 2078 905 2162 provinciae,
918 2078 1116 2141 familiarem

87 2201 237 2255 aosuum,
261 2179 313 2242 cui
336 2200 497 2242 summam
523 2178 672 2241 omnium
693 2199 804 2241 rerum
832 2176 932 2239 fidem
957 2176 1113 2254 habebat,

131 2300 205 2342 oum
229 2299 267 2341 eo
289 2279 515 2363 conloquitur3
539 2278 637 2341 simul
659 2277 917 2354 commonefacit,
937 2299 1021 2362 quae
1044 2277 1116 2360 ipso

132 2384 304 2462 praesente
326 2377 361 2440 in
389 2378 526 2442 concilio
554 2379 595 2441 de
621 2377 828 2462 Dumnbrige
857 2375 926 2440 sint
955 2376 1053 2452 dicta,
1081 2385 1115 2440 11

132 2477 286 2554 ostendit,
317 2499 401 2560 quae
437 2478 614 2563 separatim
645 2477 784 2560 quisque
814 2476 854 2539 de
889 2496 928 2539 eo
963 2475 1051 2560 apud
1080 2497 1115 2538 se

133 2577 265 2640 dixerit.
312 2576 403 2641 Petit
419 2585 517 2661 atque
533 2577 693 2653 hortatur,
711 2586 749 2639 11
764 2577 833 2639 sine
849 2576 918 2639 eius
936 2574 1114 2639 offensione

89 2696 122 2746 25
133 2677 236 2740 animi
247 2676 301 2741 111
312 2676 381 2761 ipse
392 2677 432 2740 de
445 2699 483 2740 eo
493 2684 591 2741 causa
600 2676 732 2762 cognita
743 2682 869 2740 statuat
879 2676 934 2739 vel
945 2675 1114 2739 civitatem

133 2783 279 2840 statuere
294 2775 416 2840 iubeat.

177 2882 256 2938 XX.
280 2875 470 2938 Diviciacus
481 2875 594 2938 multis
604 2897 678 2938 cum
690 2874 833 2938 lacrimis
846 2873 1021 2938 Caesarem
1033 2894 1116 2934 com-

133 2974 250 3059 plexus
273 2976 441 3038 obsecrare
464 2975 581 3060 coepit,
599 2997 639 3038 ne
661 2975 740 3058 quid
762 2974 895 3059 gravius
917 2973 953 3035 in
976 2971 1113 3036 fratrem

134 3079 314 3137 statueret:
346 3075 427 3138 scire
449 3096 483 3137 se
499 3074 558 3137 illa
580 3095 753 3150 11111111,
770 3095 830 3136 nec
852 3093 1051 3155 quemquam
1073 3094 1115 3135 ex

171 3251 212 3299 19.
234 3245 357 3317 Nothing
369 3247 475 3300 further
487 3248 510 3299 is
522 3247 620 3300 known
634 3247 663 3299 of
675 3247 729 3300 this
742 3246 905 3312 Troucillus,
917 3247 967 3300 but
975 3246 1022 3299 the
1035 3262 1116 3301 name

133 3346 228 3383 occurs
240 3347 313 3400 upon
325 3331 499 3400 inscriptions
512 3330 625 3382 relative
637 3343 666 3383 11
680 3327 758 3384 Gaul.

171 3417 212 3464 22.
231 3411 246 3464 1
263 3413 334 3466 have
353 3414 468 3466 omitted
481 3416 642 3466 Gallorum
656 3413 727 3467 after
745 3415 891 3465 concilio.
929 3411 972 3466 cf.
987 3411 1040 3465 last
1052 3420 1115 3464 note

119 3508 157 3542 on
165 3510 243 3562 page
256 3499 280 3546 8.

141 3575 188 3623 29.
216 3574 280 3629 The
294 3579 440 3650 emphasis
454 3580 575 3653 implied
584 3580 624 3652 by
634 3579 684 3634 the
697 3578 779 3634 order
789 3592 861 3630 1111
869 3592 950 3627 nera
956 3591 1019 3640 1111
1029 3591 1127 3625 sesama
