2392 3856
129 111 171 178 50
510 127 634 180 eninr
657 126 824 180 enarrer

174 269 419 333 multitudinem
443 268 685 333 Germanorum
708 268 742 331 in
767 268 910 333 Galliam
933 269 1098 346 traducat,
1122 271 1155 334 id

171 391 206 432 se
229 369 279 433 sui
304 369 481 446 muniendi,
497 391 563 431 non
580 367 709 432 Galliae
733 367 971 454 oppugnandae
993 377 1092 434 musa
1112 371 1155 434 fa·

172 490 243 533 cere
255 493 263 544 ;
287 469 356 531 eius
387 469 434 532 rei
464 468 691 532 testimonium
714 491 795 544 esse,
819 469 905 552 quod
931 469 993 532 nisi
1020 478 1153 554 rogatus

171 589 237 630 non
254 568 382 632 venerit
400 575 434 631 et
454 567 540 652 quod
559 567 683 632 bellum
704 590 769 630 non
791 567 953 646 intulerit,
971 568 1027 632 sed
1045 569 1154 633 defen-

142 667 268 737 5derit.
314 666 357 731 Se
380 668 470 753 prius
494 667 529 731 in
553 667 697 732 Galliam
721 668 847 731 venisse
871 690 970 752 quam
994 670 1152 754 populum

172 766 368 830 Romanum.
422 767 611 850 Numquam
636 774 713 830 ante
736 767 796 831 hoc
819 775 949 852 tempus
974 769 1153 833 exercitum

170 866 284 949 populi
308 867 451 930 Romani
470 866 599 931 Galliae
621 866 808 952 provinciae
832 867 952 930 finibus
975 889 1151 952 egressum.

172 963 262 1043 Quid
277 966 340 1029 sibi
355 966 482 1030 vellet?
528 965 594 1031 Cur
609 966 644 1029 in
668 988 742 1029 suas
765 966 984 1050 possessiones
999 968 1152 1032 veniret?

170 1063 378 1129 Provinciam
395 1088 487 1128 suam
503 1066 588 1128 hanc
609 1087 679 1128 esse
703 1064 859 1142 Galliam,
876 1066 960 1130 siout
974 1066 1066 1130 illam
1084 1090 1154 1131 nos·

128 1198 158 1233 10
169 1171 266 1229 tram.
313 1165 363 1229 Ut
385 1164 448 1248 ipsi
471 1164 604 1228 concedi
627 1186 692 1226 non
716 1173 892 1248 oporteret,
916 1166 1001 1230 siin
1025 1175 1152 1232 nostros

169 1263 250 1327 fines
265 1263 424 1348 impetum
441 1263 574 1340 faceret,
589 1263 636 1327 sie
652 1264 732 1326 item
748 1285 807 1327 nos
823 1286 893 1328 esse
909 1265 1047 1350 iniquos,
1065 1267 1152 1351 quod

169 1364 203 1424 in
219 1385 277 1426 suo
292 1363 363 1426 iure
378 1385 412 1426 se
427 1362 721 1447 interpellaremus.
753 1361 850 1441 Quod
866 1363 985 1428 fratres
1001 1388 1021 1430 a
1036 1375 1153 1431 senatu

169 1460 325 1525 Haeduos
355 1460 536 1546 appellatos
567 1462 700 1539 diceret,
728 1484 794 1524 nou
821 1472 946 1526 setam
974 1464 1150 1530 barbarum

168 1582 273 1645 neque
291 1569 357 1624 tam
374 1561 564 1646 imperitum
582 1584 651 1625 esse
666 1584 784 1641 rerum,
797 1569 836 1626 nt
850 1584 916 1626 non
931 1563 1030 1626 sciret
1045 1587 1152 1649 neque

127 1690 156 1739 15
170 1659 257 1723 bello
290 1660 507 1746 Allobrogum
530 1661 679 1746 proximo
702 1661 858 1726 Haeduos
882 1663 1038 1726 Romanis
1062 1665 1153 1728 auxi·

167 1759 249 1823 lium
272 1759 387 1824 tulisse
409 1783 515 1845 neque
539 1761 626 1846 ipsos
649 1761 683 1824 in
700 1761 751 1824 his
775 1762 1050 1840 contentionibus,
1070 1786 1151 1848 quas

170 1858 301 1922 Haedui
323 1882 433 1924 secum
457 1868 587 1924 etcum
616 1860 778 1944 Sequanis
801 1860 1001 1938 habuissent,
1026 1864 1151 1929 auxilio

163 1958 277 2043 populi
294 1959 435 2023 Romani
451 1981 525 2023 usos
542 1981 621 2023 esse.
667 1959 798 2023 Debere
819 1982 853 2024 se
874 1962 1033 2047 suspicari
1053 1964 1151 2027 simu-

164 2057 233 2122 lata
264 2049 451 2123 Caesarem
467 2058 615 2122 amicitia
642 2081 738 2143 quem
769 2060 949 2123 exercitum
977 2061 1012 2123 in
1037 2061 1150 2128 Gallio

123 2174 156 2211 ²0
167 2157 289 2221 habeat
303 2158 352 2220 sui
368 2157 576 2242 opprimendi
592 2166 690 2223 causa
710 2157 841 2223 habere.
890 2157 957 2237 Qui
972 2161 1037 2223 nisi
1060 2161 1151 2226 dece·

166 2256 225 2320 dat
247 2264 344 2340 atque
368 2257 548 2321 exereitum
570 2257 711 2322 deducat
734 2280 775 2320 ex
796 2257 848 2320 his
863 2259 1062 2342 regionibus,
1079 2283 1149 2326 sese

166 2357 260 2420 illum
272 2379 337 2420 non
349 2379 409 2443 pro
419 2357 534 2436 amico,
547 2356 604 2421 sed
619 2378 678 2441 pro
694 2357 787 2421 hoste
797 2356 1004 2423 habiturum.
1051 2360 1149 2439 Quod

167 2457 195 2519 si
210 2478 285 2520 eum
307 2457 518 2534 interfecerit,
536 2457 648 2520 multis
663 2478 734 2520 sese
754 2456 919 2521 nobilibus
934 2459 1149 2543 principibus·

167 2578 230 2641 que
246 2557 357 2642 populi
374 2557 515 2622 Romani
531 2565 662 2642 gratum
679 2579 748 2621 esse
764 2557 940 2633 iacturum,
953 2560 1038 2623 -id
1055 2583 1089 2624 se
1105 2562 1146 2625 ab

123 2684 155 2734 ²⁵
166 2656 245 2742 ipsis
272 2679 331 2741 per
353 2679 465 2721 eorum
491 2657 625 2721 nuntios
648 2665 851 2741 compertum
875 2658 1147 2743 habere-quo

166 2779 240 2820 rum
262 2756 408 2820 omnium
423 2758 564 2842 gratiam
580 2764 678 2841 atque
701 2757 880 2822 amicitiam
895 2758 964 2822 eius
981 2767 1086 2824 morte
1102 2784 1148 2826 re·
1168 2843 1170 2847 ,

202 2901 226 2960 8,
242 2902 264 2949 9.
284 2900 354 2949 sibi
373 2897 468 2962 refers,
487 2898 516 2950 of
534 2915 637 2963 course,
650 2906 679 2952 to
699 2897 809 2963 Caesar,
824 2915 897 2951 snas
919 2900 987 2970 (and
1006 2902 1147 2972 auam)to

167 2980 328 3032 Ariovistus.
458 3049 460 3053 ι

203 3066 226 3113 9.
245 3066 443 3116 Provinciam
460 3079 556 3116 suam.
601 3063 699 3117 Notioe
730 3063 791 3117 how
813 3065 893 3117 much
919 3064 987 3117 finer
1011 3067 1065 3118 this
1093 3083 1146 3120 em·

165 3144 257 3214 phasis
270 3146 292 3197 is
305 3146 372 3198 than
385 3147 407 3198 if
418 3147 454 3199 he
465 3147 520 3199 had
534 3146 592 3198 said
605 3163 693 3199 suam
705 3151 904 3212 provinciam.

202 3232 242 3278 15.
261 3233 412 3292 proximo.
450 3229 510 3282 The
531 3229 718 3282 disturbances
737 3230 765 3282 os
787 3235 817 3281 61
841 3244 870 3281 Β.
893 3244 919 3283 c.
958 3229 1001 3284 cf.
1022 3240 1086 3285 note
1111 3248 1145 3285 on

164 3326 269 3376 nuper,
284 3328 352 3381 page
366 3316 408 3363 13.

202 3399 243 3458 23,
258 3399 298 3446 24.
316 3398 475 3447 nobilibus
496 3434 501 3447 .
523 3433 529 3446 .
552 3435 558 3447 .
577 3402 703 3461 gratum
731 3394 846 3449 Cicero’s
865 3394 958 3449 letters
976 3398 1086 3450 contain
1099 3415 1146 3451 va·

155 3477 234 3528 ricus
249 3478 415 3549 interesting
427 3478 555 3532 allusione
574 3487 603 3532 to
621 3479 668 3532 the
680 3472 878 3531 machinatione
890 3479 920 3532 of
937 3479 1064 3535 Caesar's
1083 3499 1146 3535 ene·

139 3557 214 3609 mies
224 3567 259 3611 at
270 3559 372 3615 Rome.
