2392 3856
329 131 453 187 rinae
478 133 503 185 Ι.
531 133 617 187 cnr.
647 132 781 188 vri-rx
1068 115 1109 184 15

83 273 143 351 dit,
168 273 256 338 diem
278 295 313 338 se
342 275 385 338 ad
407 275 656 338 deliberandum
669 281 905 359 sumpturum:
937 274 965 338 si
987 275 1068 359 quid

83 373 219 452 vellent,
232 374 275 437 ad
289 373 340 439 Id.
357 375 467 459 April.
484 381 737 438 reverterentur.

128 481 224 540 VIII.
256 473 387 538 Interea
411 482 451 538 ea
480 475 619 560 legione,
651 497 750 559 quam
772 496 883 539 secum
912 474 1066 553 babebat,

81 572 319 656 militibusque,
342 573 399 657 qui
422 595 463 637 ex
485 573 653 658 provincia
683 581 913 650 convenerant,
944 596 964 638 a
993 573 1068 639 lacu
1155 592 1158 599 ·

82 672 263 750 Lemanno,
301 673 358 756 qui
394 672 429 737 in
469 673 592 736 flumen
630 673 829 738 Rhoddnum
866 673 986 750 influit,
1025 674 1067 738 ad
1096 688 1111 737 5

82 780 232 836 montem
254 771 377 850 Iuram,
402 772 459 856 qui
484 773 567 838 fines
583 771 809 857 Sequanorum
838 773 880 836 ab
903 773 1068 838 Helvetiis

82 871 216 950 dividit,
243 872 334 936 milia
364 893 520 957 passuum
550 872 706 951 XVIIII,
733 895 862 935 murum
893 873 928 935 in
957 872 1068 937 altitu·

82 971 196 1035 dinem
212 971 332 1056 pedum
349 971 489 1036 sedecim
505 972 689 1056 fossamque
704 971 863 1056 perducit.
909 972 959 1035 Eo
971 994 1067 1056 opere

81 1071 232 1155 perfecto
255 1070 418 1155 praesidia
447 1070 602 1156 disponit,
626 1071 758 1136 castella
788 1071 980 1147 communit,
1002 1093 1067 1156 quo

81 1168 222 1248 facilius,
249 1170 278 1233 si
315 1191 349 1234 se
379 1169 486 1234 invito
509 1170 650 1235 transire
673 1177 877 1248 conarentur,
894 1170 1111 1255 prohiberem

82 1276 203 1354 posset.
250 1269 319 1335 Ubi
334 1292 374 1335 ea
393 1270 473 1348 dies,
489 1293 589 1355 quam
605 1271 820 1335 constituerat
842 1291 917 1334 cum
939 1270 1067 1355 legatis,

81 1369 185 1447 venit,
207 1376 242 1433 et
264 1370 364 1455 legati
387 1370 429 1434 ad
451 1391 527 1434 eum
549 1378 766 1446 reverterunt,
789 1377 890 1456 negat
917 1392 951 1434 se
977 1392 1068 1435 moro

82 1477 117 1533 et
137 1469 291 1555 exemplo
306 1469 420 1555 populi
451 1470 593 1535 Romuni
617 1492 710 1556 posse
732 1470 796 1534 iter
818 1469 880 1535 ulli
909 1492 968 1555 per
997 1491 1068 1556 pro

81 1569 227 1633 vinciam
239 1569 326 1645 dare,
339 1576 383 1645 et,
400 1569 428 1632 si
439 1569 508 1633 vim
522 1570 628 1634 facere
641 1578 811 1646 conentur,
823 1570 1068 1656 prohibiturum

82 1669 239 1733 ostendit.
296 1668 447 1734 Helvetii
473 1677 513 1734 ea
537 1691 595 1754 spe
625 1669 746 1734 deiecti
776 1669 916 1734 nauibus
948 1670 1110 1740 iunctis1s

82 1768 276 1853 ratibusque
291 1769 513 1853 compluribus
528 1769 635 1846 iactis,
648 1769 704 1832 alii
720 1770 811 1833 vadis
828 1769 989 1848 Rhodani,
1002 1777 1068 1853 qua

83 1869 221 1932 minima
244 1868 385 1933 altitudo
408 1868 553 1932 fluminis
576 1876 657 1947 erat,
672 1891 739 1933 non
762 1891 941 1953 numquam
970 1869 1068 1932 inter-

82 1968 152 2047 diu,
180 1968 310 2052 saepius
343 1976 454 2045 noctu,
485 1969 513 2032 si
544 1991 755 2054 perrumpere
784 1975 916 2054 possent
946 1968 1066 2047 conati,

83 2068 191 2152 operis
223 2068 404 2132 munitione
440 2075 473 2131 et
499 2068 642 2131 militum
672 2090 829 2133 concursu
858 2075 893 2132 et
915 2067 990 2132 telis
1020 2089 1069 2132 re

84 2167 171 2253 pulsi
193 2168 255 2231 boc
281 2176 402 2232 conatu
425 2168 634 2232 destiterunt.
1079 2167 1116 2219 20'

130 2274 193 2331 IX.
226 2267 488 2350 Relinquebatur
518 2290 584 2332 una
614 2290 673 2351 per
710 2267 878 2351 Sequanos
904 2259 973 2345 uia,
1004 2275 1069 2351 qua

85 2365 247 2450 Sequanis
269 2367 383 2430 invitis
406 2376 540 2452 propter
562 2367 731 2453 angustias
758 2368 806 2431 ire
822 2390 887 2432 non
904 2375 1066 2452 poterant.

122 2502 145 2548 1.
165 2498 255 2548 Diem
267 2520 302 2540 =
316 2501 336 2527 ‘⁴
346 2496 443 2548 time.”

121 2583 146 2632 2.
163 2582 210 2631 Id.
224 2581 324 2644 April.
360 2578 380 2630 Ι
380 2617 386 2629 .
403 2597 424 2630 e.
439 2578 519 2648 April
533 2583 574 2644 13,
590 2596 630 2643 or,
644 2578 681 2648 by
694 2596 742 2631 our
753 2578 912 2649 reclroning,
927 2578 994 2648 May
1008 2583 1032 2630 2.

121 2667 146 2714 5.
164 2664 275 2714 Inflult.
313 2660 338 2713 A
358 2661 451 2714 rather
463 2662 518 2714 odd
530 2662 696 2731 expression,
709 2662 779 2714 from
793 2679 841 2714 our
853 2662 930 2731 point
949 2661 978 2714 ol
989 2661 1067 2726 ulcu,

85 2751 113 2798 to
125 2745 246 2798 indicate
259 2744 305 2797 the
316 2744 424 2798 outflow
436 2745 464 2796 ol
477 2744 523 2797 the
536 2744 597 2797 lake
610 2745 646 2814 by
660 2761 753 2797 means
766 2744 794 2798 of
807 2744 854 2798 the
867 2744 947 2796 river.

123 2833 146 2892 7,
168 2831 193 2879 8.
214 2843 335 2879 murum
355 2865 361 2878 .
381 2865 388 2878 .
408 2867 414 2880 .
432 2830 618 2892 fossamque.
656 2826 711 2880 For
735 2845 770 2880 an
795 2836 910 2881 account
933 2825 963 2878 ol
990 2826 1068 2879 these

84 2909 284 2975 fortifications,
299 2927 343 2962 see
357 2909 504 2980 Appendix
518 2908 569 2962 IV.

122 2999 220 3059 1213.
238 2998 328 3048 Mors
347 3002 379 3048 et
397 2997 541 3060 exemplo
554 3020 589 3039 =
601 3002 705 3048 custom
724 2995 779 3047 and
797 2994 952 3064 precedent.
1006 2992 1068 3047 The

85 3087 139 3132 two
152 3079 241 3131 words
253 3077 282 3130 of
294 3077 454 3148 practically
467 3078 513 3131 the
527 3094 600 3130 same
613 3079 740 3148 meaning
752 3095 798 3131 are
811 3077 878 3129 used
895 3085 923 3130 to
941 3077 1002 3149 give
1020 3078 1069 3131 the

84 3161 244 3232 expression
257 3169 364 3231 greater
376 3160 459 3214 force.

122 3250 163 3309 15,
179 3249 219 3295 16.
239 3246 377 3297 Helvetii
395 3282 402 3294 .
422 3282 428 3295 .
451 3281 457 3295 .
477 3247 596 3295 alii=“
604 3244 651 3296 the
664 3250 741 3314 great
756 3242 830 3314 body
842 3242 871 3295 of
886 3243 933 3296 the
947 3242 1069 3295 Helvetii

84 3365 90 3379 .
110 3366 116 3380 .
138 3367 144 3381 .
164 3327 282 3391 others,’'
295 3335 347 3381 etc.
516 3387 518 3390 ¹

122 3415 165 3462 18.
188 3417 327 3475 possent.
372 3408 427 3461 For
449 3408 504 3461 this
528 3407 596 3460 kind
620 3408 649 3460 of
672 3408 790 3461 indirect
813 3408 938 3479 question
963 3424 1008 3460 see
1033 3407 1069 3460 A.

86 3493 158 3546 ss.
179 3497 247 3558 518,
267 3495 303 3558 u;
329 3491 362 3544 A.
384 3493 406 3544 a
427 3490 459 3545 G.
481 3495 549 3558 ase,
556 3492 593 3562 f;
623 3489 655 3544 G.
675 3494 735 3543 eso
757 3492 817 3561 (up
841 3490 879 3543 Η.
898 3489 1029 3552 eamn,
1043 3495 1077 3549 i,

83 3583 148 3629 note
161 3583 184 3628 1.
