<?xml version="1.0" encoding="UTF-8"?>
<!DOCTYPE html PUBLIC "-//W3C//DTD XHTML 1.0 Transitional//EN"
    "http://www.w3.org/TR/xhtml1/DTD/xhtml1-transitional.dtd">
<html xmlns="http://www.w3.org/1999/xhtml" xml:lang="en" lang="en">
 <head>
  <title>
</title>
<meta http-equiv="Content-Type" content="text/html;charset=utf-8" />
  <meta name='ocr-system' content='tesseract 3.04.00' />
  <meta name='ocr-capabilities' content='ocr_page ocr_carea ocr_par ocr_line ocrx_word'/>
</head>
<body>
  <div class='ocr_page' id='page_1' title='image "./belligallicilib01caesgoog_0025.png"; bbox 0 0 2392 3856; ppageno 0'>
   <div class='ocr_carea' id='block_1_1' title="bbox 81 110 775 180">
    <p class='ocr_par' dir='ltr' id='par_1_1' title="bbox 81 110 775 180">
     <span class='ocr_line' id='line_1_1' title="bbox 81 110 775 180; baseline 0.001 -3"><span class='ocrx_word' id='word_1_1' title='bbox 81 110 123 177; x_wconf 88' lang='lat'>16</span> <span class='ocrx_word' id='word_1_2' title='bbox 462 126 585 179; x_wconf 78' lang='grc'>11111</span> <span class='ocrx_word' id='word_1_3' title='bbox 609 124 775 180; x_wconf 73' lang='lat' dir='ltr'>enarro]</span> 
     </span>
    </p>
   </div>
   <div class='ocr_carea' id='block_1_2' title="bbox 126 266 1162 352">
    <p class='ocr_par' dir='ltr' id='par_1_2' title="bbox 126 266 1162 352">
     <span class='ocr_line' id='line_1_2' title="bbox 126 266 1162 352; baseline -0.001 -21"><span class='ocrx_word' id='word_1_4' title='bbox 126 266 190 331; x_wconf 92' lang='lat' dir='ltr'>His</span> <span class='ocrx_word' id='word_1_5' title='bbox 213 289 288 331; x_wconf 88' lang='lat' dir='ltr'>cum</span> <span class='ocrx_word' id='word_1_6' title='bbox 310 275 369 331; x_wconf 79' lang='lat' dir='ltr'>sua</span> <span class='ocrx_word' id='word_1_7' title='bbox 384 274 500 352; x_wconf 88' lang='lat' dir='ltr'>sponte</span> <span class='ocrx_word' id='word_1_8' title='bbox 525 267 718 351; x_wconf 86' lang='lat' dir='ltr'>persuadere</span> <span class='ocrx_word' id='word_1_9' title='bbox 733 289 799 331; x_wconf 91' lang='lat' dir='ltr'>non</span> <span class='ocrx_word' id='word_1_10' title='bbox 824 273 966 352; x_wconf 80' lang='lat' dir='ltr'>possent,</span> <span class='ocrx_word' id='word_1_11' title='bbox 983 266 1109 352; x_wconf 85' lang='lat' dir='ltr'>legatos</span> <span class='ocrx_word' id='word_1_12' title='bbox 1155 283 1162 323; x_wconf 73' lang='lat' dir='ltr'>t</span> 
     </span>
    </p>
   </div>
   <div class='ocr_carea' id='block_1_3' title="bbox 85 365 1162 1844">
    <p class='ocr_par' dir='ltr' id='par_1_3' title="bbox 85 365 1162 1844">
     <span class='ocr_line' id='line_1_3' title="bbox 125 365 1162 452; baseline -0.001 -21"><span class='ocrx_word' id='word_1_13' title='bbox 125 368 167 431; x_wconf 87' lang='lat' dir='ltr'>ad</span> <span class='ocrx_word' id='word_1_14' title='bbox 198 367 439 452; x_wconf 76' lang='lat' dir='ltr'>Dumndrigem</span> <span class='ocrx_word' id='word_1_15' title='bbox 469 366 646 431; x_wconf 86' lang='lat' dir='ltr'>Haeduum</span> <span class='ocrx_word' id='word_1_16' title='bbox 678 366 827 444; x_wconf 90' lang='lat' dir='ltr'>mittunt,</span> <span class='ocrx_word' id='word_1_17' title='bbox 859 373 898 430; x_wconf 93' lang='lat' dir='ltr'>ut</span> <span class='ocrx_word' id='word_1_18' title='bbox 928 387 976 430; x_wconf 90' lang='lat' dir='ltr'>eo·</span> <span class='ocrx_word' id='word_1_19' title='bbox 996 365 1109 450; x_wconf 75' lang='lat' dir='ltr'>depre</span> <span class='ocrx_word' id='word_1_20' title='bbox 1158 380 1162 392; x_wconf 89' lang='lat'>&#39;</span> 
     </span>
     <span class='ocr_line' id='line_1_4' title="bbox 125 465 1110 552; baseline -0.004 -20"><span class='ocrx_word' id='word_1_21' title='bbox 125 474 235 532; x_wconf 87' lang='lat' dir='ltr'>catore</span> <span class='ocrx_word' id='word_1_22' title='bbox 251 489 272 531; x_wconf 88' lang='lat' dir='ltr'>a</span> <span class='ocrx_word' id='word_1_23' title='bbox 287 465 446 550; x_wconf 73' lang='lat' dir='ltr'>Sequanis</span> <span class='ocrx_word' id='word_1_24' title='bbox 462 466 687 552; x_wconf 80' lang='lat' dir='ltr'>impetrarent.</span> <span class='ocrx_word' id='word_1_25' title='bbox 734 466 922 530; x_wconf 78' lang='lat' dir='ltr'>Dumnltrix</span> <span class='ocrx_word' id='word_1_26' title='bbox 943 465 1055 551; x_wconf 75' lang='lat' dir='ltr'>gratia</span> <span class='ocrx_word' id='word_1_27' title='bbox 1076 471 1110 529; x_wconf 91' lang='lat' dir='ltr'>et</span> 
     </span>
     <span class='ocr_line' id='line_1_5' title="bbox 125 563 1112 652; baseline -0.001 -23"><span class='ocrx_word' id='word_1_28' title='bbox 125 566 300 651; x_wconf 82' lang='lat' dir='ltr'>largitione</span> <span class='ocrx_word' id='word_1_29' title='bbox 318 567 405 651; x_wconf 87' lang='lat' dir='ltr'>apud</span> <span class='ocrx_word' id='word_1_30' title='bbox 427 565 596 650; x_wconf 73' lang='lat' dir='ltr'>Sequanos</span> <span class='ocrx_word' id='word_1_31' title='bbox 618 567 795 650; x_wconf 90' lang='lat' dir='ltr'>plurimum</span> <span class='ocrx_word' id='word_1_32' title='bbox 817 573 958 652; x_wconf 87' lang='lat' dir='ltr'>poterat,</span> <span class='ocrx_word' id='word_1_33' title='bbox 975 571 1010 629; x_wconf 89' lang='lat' dir='ltr'>et</span> <span class='ocrx_word' id='word_1_34' title='bbox 1033 563 1112 629; x_wconf 92' lang='lat' dir='ltr'>Hel-</span> 
     </span>
     <span class='ocr_line' id='line_1_6' title="bbox 96 663 1111 750; baseline -0.004 -18"><span class='ocrx_word' id='word_1_35' title='bbox 96 665 224 733; x_wconf 78' lang='lat' dir='ltr'>5vetiis</span> <span class='ocrx_word' id='word_1_36' title='bbox 247 673 318 729; x_wconf 91' lang='lat' dir='ltr'>erat</span> <span class='ocrx_word' id='word_1_37' title='bbox 340 665 472 743; x_wconf 87' lang='lat' dir='ltr'>amicus,</span> <span class='ocrx_word' id='word_1_38' title='bbox 497 667 583 750; x_wconf 89' lang='lat' dir='ltr'>quod</span> <span class='ocrx_word' id='word_1_39' title='bbox 610 674 714 730; x_wconf 79' lang='lat' dir='ltr'>exea</span> <span class='ocrx_word' id='word_1_40' title='bbox 740 666 874 730; x_wconf 81' lang='lat' dir='ltr'>civitate</span> <span class='ocrx_word' id='word_1_41' title='bbox 902 663 1111 750; x_wconf 73' lang='lat' dir='ltr'>Orgetdrigis</span> 
     </span>
     <span class='ocr_line' id='line_1_7' title="bbox 125 762 1112 851; baseline -0.001 -23"><span class='ocrx_word' id='word_1_42' title='bbox 125 764 230 829; x_wconf 92' lang='lat' dir='ltr'>filiam</span> <span class='ocrx_word' id='word_1_43' title='bbox 243 764 278 829; x_wconf 93' lang='lat' dir='ltr'>in</span> <span class='ocrx_word' id='word_1_44' title='bbox 294 766 540 829; x_wconf 87' lang='lat' dir='ltr'>matrimonium</span> <span class='ocrx_word' id='word_1_45' title='bbox 562 767 702 829; x_wconf 84' lang='lat' dir='ltr'>duxerat</span> <span class='ocrx_word' id='word_1_46' title='bbox 713 790 722 841; x_wconf 90' lang='lat'>;</span> <span class='ocrx_word' id='word_1_47' title='bbox 757 774 792 830; x_wconf 90' lang='lat' dir='ltr'>et</span> <span class='ocrx_word' id='word_1_48' title='bbox 814 765 993 851; x_wconf 82' lang='lat' dir='ltr'>cupiditate</span> <span class='ocrx_word' id='word_1_49' title='bbox 1016 762 1112 850; x_wconf 84' lang='lat' dir='ltr'>regni</span> 
     </span>
     <span class='ocr_line' id='line_1_8' title="bbox 125 864 1112 949; baseline 0 -21"><span class='ocrx_word' id='word_1_50' title='bbox 125 865 287 928; x_wconf 90' lang='lat' dir='ltr'>adductus</span> <span class='ocrx_word' id='word_1_51' title='bbox 316 865 408 928; x_wconf 85' lang='lat' dir='ltr'>novis</span> <span class='ocrx_word' id='word_1_52' title='bbox 437 865 535 928; x_wconf 88' lang='lat' dir='ltr'>rebus</span> <span class='ocrx_word' id='word_1_53' title='bbox 565 865 720 929; x_wconf 82' lang='lat' dir='ltr'>studebat</span> <span class='ocrx_word' id='word_1_54' title='bbox 757 873 791 929; x_wconf 86' lang='lat' dir='ltr'>et</span> <span class='ocrx_word' id='word_1_55' title='bbox 821 887 919 949; x_wconf 87' lang='lat' dir='ltr'>quam</span> <span class='ocrx_word' id='word_1_56' title='bbox 949 864 1112 949; x_wconf 82' lang='lat' dir='ltr'>plurimas</span> 
     </span>
     <span class='ocr_line' id='line_1_9' title="bbox 126 963 1110 1029; baseline -0.001 -1"><span class='ocrx_word' id='word_1_57' title='bbox 126 964 278 1029; x_wconf 86' lang='lat' dir='ltr'>civitates</span> <span class='ocrx_word' id='word_1_58' title='bbox 315 987 372 1028; x_wconf 90' lang='lat' dir='ltr'>suc</span> <span class='ocrx_word' id='word_1_59' title='bbox 409 964 568 1029; x_wconf 88' lang='lat' dir='ltr'>beneficio</span> <span class='ocrx_word' id='word_1_60' title='bbox 602 964 724 1028; x_wconf 87' lang='lat' dir='ltr'>hahere</span> <span class='ocrx_word' id='word_1_61' title='bbox 761 965 936 1029; x_wconf 88' lang='lat' dir='ltr'>obstrictas</span> <span class='ocrx_word' id='word_1_62' title='bbox 965 963 1110 1028; x_wconf 85' lang='lat' dir='ltr'>volebat.</span> 
     </span>
     <span class='ocr_line' id='line_1_10' title="bbox 126 1063 1114 1148; baseline -0.003 -20"><span class='ocrx_word' id='word_1_63' title='bbox 126 1063 244 1148; x_wconf 88' lang='lat' dir='ltr'>ltaque</span> <span class='ocrx_word' id='word_1_64' title='bbox 262 1087 332 1127; x_wconf 87' lang='lat' dir='ltr'>rem</span> <span class='ocrx_word' id='word_1_65' title='bbox 352 1063 498 1148; x_wconf 83' lang='lat' dir='ltr'>suscipit,</span> <span class='ocrx_word' id='word_1_66' title='bbox 521 1070 555 1128; x_wconf 92' lang='lat' dir='ltr'>et</span> <span class='ocrx_word' id='word_1_67' title='bbox 583 1087 602 1127; x_wconf 92' lang='lat' dir='ltr'>a</span> <span class='ocrx_word' id='word_1_68' title='bbox 625 1063 784 1147; x_wconf 73' lang='lat' dir='ltr'>Sequanis</span> <span class='ocrx_word' id='word_1_69' title='bbox 807 1065 974 1148; x_wconf 86' lang='lat' dir='ltr'>impetrat,</span> <span class='ocrx_word' id='word_1_70' title='bbox 990 1071 1031 1127; x_wconf 95' lang='lat' dir='ltr'>ut</span> <span class='ocrx_word' id='word_1_71' title='bbox 1053 1083 1114 1148; x_wconf 90' lang='lat' dir='ltr'>per</span> 
     </span>
     <span class='ocr_line' id='line_1_11' title="bbox 85 1156 1113 1248; baseline -0.004 -17"><span class='ocrx_word' id='word_1_72' title='bbox 85 1194 116 1230; x_wconf 88' lang='lat'>10</span> <span class='ocrx_word' id='word_1_73' title='bbox 126 1164 207 1227; x_wconf 88' lang='lat' dir='ltr'>fines</span> <span class='ocrx_word' id='word_1_74' title='bbox 237 1185 311 1228; x_wconf 89' lang='lat' dir='ltr'>suos</span> <span class='ocrx_word' id='word_1_75' title='bbox 342 1163 514 1228; x_wconf 75' lang='lat' dir='ltr'>Helvetios</span> <span class='ocrx_word' id='word_1_76' title='bbox 544 1163 592 1227; x_wconf 91' lang='lat' dir='ltr'>ire</span> <span class='ocrx_word' id='word_1_77' title='bbox 622 1165 800 1248; x_wconf 89' lang='lat' dir='ltr'>patiantur,</span> <span class='ocrx_word' id='word_1_78' title='bbox 834 1156 1029 1247; x_wconf 84' lang='lat' dir='ltr'>obsidesque</span> <span class='ocrx_word' id='word_1_79' title='bbox 1061 1161 1113 1227; x_wconf 91' lang='lat' dir='ltr'>uti</span> 
     </span>
     <span class='ocr_line' id='line_1_12' title="bbox 126 1261 1117 1346; baseline 0 -20"><span class='ocrx_word' id='word_1_80' title='bbox 126 1264 214 1328; x_wconf 86' lang='lat' dir='ltr'>inter</span> <span class='ocrx_word' id='word_1_81' title='bbox 236 1285 305 1327; x_wconf 88' lang='lat' dir='ltr'>sese</span> <span class='ocrx_word' id='word_1_82' title='bbox 332 1264 411 1326; x_wconf 90' lang='lat' dir='ltr'>dent</span> <span class='ocrx_word' id='word_1_83' title='bbox 434 1262 582 1346; x_wconf 88' lang='lat' dir='ltr'>perficit:</span> <span class='ocrx_word' id='word_1_84' title='bbox 608 1262 761 1346; x_wconf 69' lang='lat' dir='ltr'>Sequani,</span> <span class='ocrx_word' id='word_1_85' title='bbox 786 1286 826 1326; x_wconf 92' lang='lat' dir='ltr'>ne</span> <span class='ocrx_word' id='word_1_86' title='bbox 848 1263 968 1327; x_wconf 87' lang='lat' dir='ltr'>itinere</span> <span class='ocrx_word' id='word_1_87' title='bbox 992 1261 1117 1326; x_wconf 72' lang='lat' dir='ltr'>Helve-</span> 
     </span>
     <span class='ocr_line' id='line_1_13' title="bbox 126 1361 1114 1447; baseline 0 -21"><span class='ocrx_word' id='word_1_88' title='bbox 126 1364 190 1427; x_wconf 89' lang='lat' dir='ltr'>tios</span> <span class='ocrx_word' id='word_1_89' title='bbox 214 1361 420 1447; x_wconf 87' lang='lat' dir='ltr'>prohibeant,</span> <span class='ocrx_word' id='word_1_90' title='bbox 439 1361 597 1440; x_wconf 73' lang='lat' dir='ltr'>Helvetii,</span> <span class='ocrx_word' id='word_1_91' title='bbox 614 1370 652 1426; x_wconf 91' lang='lat' dir='ltr'>ut</span> <span class='ocrx_word' id='word_1_92' title='bbox 668 1364 737 1426; x_wconf 88' lang='lat' dir='ltr'>sine</span> <span class='ocrx_word' id='word_1_93' title='bbox 752 1363 911 1427; x_wconf 86' lang='lat' dir='ltr'>maleficio</span> <span class='ocrx_word' id='word_1_94' title='bbox 931 1369 967 1426; x_wconf 91' lang='lat' dir='ltr'>et</span> <span class='ocrx_word' id='word_1_95' title='bbox 988 1361 1114 1426; x_wconf 68' lang='lat' dir='ltr'>iniuria</span> 
     </span>
     <span class='ocr_line' id='line_1_14' title="bbox 125 1456 1162 1526; baseline -0.002 0"><span class='ocrx_word' id='word_1_96' title='bbox 125 1468 305 1526; x_wconf 84' lang='lat' dir='ltr'>transeant.</span> <span class='ocrx_word' id='word_1_97' title='bbox 1160 1456 1162 1465; x_wconf 78' lang='lat'>&#39;</span> 
     </span>
     <span class='ocr_line' id='line_1_15' title="bbox 170 1559 1116 1646; baseline -0.003 -21"><span class='ocrx_word' id='word_1_98' title='bbox 170 1568 212 1625; x_wconf 92' lang='lat' dir='ltr'>X.</span> <span class='ocrx_word' id='word_1_99' title='bbox 241 1559 375 1625; x_wconf 70' lang='lat' dir='ltr'>Caesari</span> <span class='ocrx_word' id='word_1_100' title='bbox 391 1561 572 1639; x_wconf 86' lang='lat' dir='ltr'>nuntiatur,</span> <span class='ocrx_word' id='word_1_101' title='bbox 590 1560 755 1626; x_wconf 78' lang='lat' dir='ltr'>Helvetiis</span> <span class='ocrx_word' id='word_1_102' title='bbox 782 1583 852 1626; x_wconf 88' lang='lat' dir='ltr'>esse</span> <span class='ocrx_word' id='word_1_103' title='bbox 870 1561 904 1624; x_wconf 94' lang='lat' dir='ltr'>in</span> <span class='ocrx_word' id='word_1_104' title='bbox 920 1560 1032 1624; x_wconf 90' lang='lat' dir='ltr'>animo</span> <span class='ocrx_word' id='word_1_105' title='bbox 1053 1580 1116 1646; x_wconf 87' lang='lat' dir='ltr'>per</span> 
     </span>
     <span class='ocr_line' id='line_1_16' title="bbox 86 1659 1115 1746; baseline 0.001 -23"><span class='ocrx_word' id='word_1_106' title='bbox 86 1687 115 1737; x_wconf 83' lang='lat'>15</span> <span class='ocrx_word' id='word_1_107' title='bbox 127 1682 244 1746; x_wconf 88' lang='lat' dir='ltr'>agrum</span> <span class='ocrx_word' id='word_1_108' title='bbox 259 1659 485 1744; x_wconf 70' lang='lat' dir='ltr'>Sequanorum</span> <span class='ocrx_word' id='word_1_109' title='bbox 499 1668 533 1725; x_wconf 92' lang='lat' dir='ltr'>et</span> <span class='ocrx_word' id='word_1_110' title='bbox 549 1661 765 1725; x_wconf 87' lang='lat' dir='ltr'>Haeduorum</span> <span class='ocrx_word' id='word_1_111' title='bbox 780 1661 843 1724; x_wconf 89' lang='lat' dir='ltr'>iter</span> <span class='ocrx_word' id='word_1_112' title='bbox 864 1660 900 1723; x_wconf 88' lang='lat' dir='ltr'>in</span> <span class='ocrx_word' id='word_1_113' title='bbox 926 1659 1115 1725; x_wconf 73' lang='lat' dir='ltr'>Santhnrim</span> 
     </span>
     <span class='ocr_line' id='line_1_17' title="bbox 127 1757 1119 1844; baseline 0.001 -22"><span class='ocrx_word' id='word_1_114' title='bbox 127 1760 344 1836; x_wconf 67' lang='lat' dir='ltr'>{mesfacere</span> <span class='ocrx_word' id='word_1_115' title='bbox 368 1759 424 1843; x_wconf 93' lang='lat' dir='ltr'>qui</span> <span class='ocrx_word' id='word_1_116' title='bbox 440 1783 507 1824; x_wconf 92' lang='lat' dir='ltr'>non</span> <span class='ocrx_word' id='word_1_117' title='bbox 529 1760 627 1844; x_wconf 86' lang='lat' dir='ltr'>longe</span> <span class='ocrx_word' id='word_1_118' title='bbox 649 1782 669 1824; x_wconf 87' lang='lat' dir='ltr'>a</span> <span class='ocrx_word' id='word_1_119' title='bbox 692 1759 899 1824; x_wconf 79' lang='lat' dir='ltr'>Tolosatium</span> <span class='ocrx_word' id='word_1_120' title='bbox 914 1759 1036 1823; x_wconf 89' lang='lat' dir='ltr'>finibus</span> <span class='ocrx_word' id='word_1_121' title='bbox 1059 1757 1119 1823; x_wconf 40' lang='lat' dir='ltr'>ab*</span> 
     </span>
    </p>
   </div>
   <div class='ocr_carea' id='block_1_4' title="bbox 127 1858 1117 2040">
    <p class='ocr_par' dir='ltr' id='par_1_4' title="bbox 127 1858 1117 2040">
     <span class='ocr_line' id='line_1_18' title="bbox 128 1858 1117 1943; baseline 0 -21"><span class='ocrx_word' id='word_1_122' title='bbox 128 1867 215 1935; x_wconf 89' lang='lat' dir='ltr'>sunt,</span> <span class='ocrx_word' id='word_1_123' title='bbox 227 1881 310 1943; x_wconf 90' lang='lat' dir='ltr'>quae</span> <span class='ocrx_word' id='word_1_124' title='bbox 325 1859 442 1923; x_wconf 87' lang='lat' dir='ltr'>civitas</span> <span class='ocrx_word' id='word_1_125' title='bbox 457 1866 507 1922; x_wconf 90' lang='lat' dir='ltr'>est</span> <span class='ocrx_word' id='word_1_126' title='bbox 522 1859 556 1922; x_wconf 93' lang='lat' dir='ltr'>in</span> <span class='ocrx_word' id='word_1_127' title='bbox 574 1859 752 1943; x_wconf 78' lang='lat' dir='ltr'>provincia.</span> <span class='ocrx_word' id='word_1_128' title='bbox 800 1859 839 1922; x_wconf 86' lang='lat' dir='ltr'>Id</span> <span class='ocrx_word' id='word_1_129' title='bbox 855 1859 1001 1935; x_wconf 77' lang='lat' dir='ltr'>sitierat,</span> <span class='ocrx_word' id='word_1_130' title='bbox 1017 1858 1117 1922; x_wconf 87' lang='lat' dir='ltr'>intel·</span> 
     </span>
     <span class='ocr_line' id='line_1_19' title="bbox 127 1953 1117 2040; baseline -0.001 -21"><span class='ocrx_word' id='word_1_131' title='bbox 127 1955 258 2040; x_wconf 85' lang='lat' dir='ltr'>legebat</span> <span class='ocrx_word' id='word_1_132' title='bbox 280 1977 398 2040; x_wconf 85' lang='lat' dir='ltr'>magno</span> <span class='ocrx_word' id='word_1_133' title='bbox 421 1977 497 2018; x_wconf 92' lang='lat' dir='ltr'>cum</span> <span class='ocrx_word' id='word_1_134' title='bbox 516 1953 661 2038; x_wconf 90' lang='lat' dir='ltr'>periculo</span> <span class='ocrx_word' id='word_1_135' title='bbox 685 1953 871 2038; x_wconf 87' lang='lat' dir='ltr'>provinciae</span> <span class='ocrx_word' id='word_1_136' title='bbox 892 1955 1054 2032; x_wconf 87' lang='lat' dir='ltr'>futurum,</span> <span class='ocrx_word' id='word_1_137' title='bbox 1073 1959 1117 2018; x_wconf 89' lang='lat' dir='ltr'>ut</span> 
     </span>
    </p>
   </div>
   <div class='ocr_carea' id='block_1_5' title="bbox 84 2048 1142 2436">
    <p class='ocr_par' dir='ltr' id='par_1_5' title="bbox 84 2048 1142 2436">
     <span class='ocr_line' id='line_1_20' title="bbox 126 2048 1142 2138; baseline 0 -21"><span class='ocrx_word' id='word_1_138' title='bbox 126 2054 275 2118; x_wconf 88' lang='lat' dir='ltr'>homines</span> <span class='ocrx_word' id='word_1_139' title='bbox 299 2054 477 2130; x_wconf 89' lang='lat' dir='ltr'>bellicosos,</span> <span class='ocrx_word' id='word_1_140' title='bbox 494 2053 605 2138; x_wconf 91' lang='lat' dir='ltr'>populi</span> <span class='ocrx_word' id='word_1_141' title='bbox 628 2052 767 2117; x_wconf 80' lang='lat' dir='ltr'>Romani</span> <span class='ocrx_word' id='word_1_142' title='bbox 783 2053 943 2131; x_wconf 89' lang='lat' dir='ltr'>inimicos,</span> <span class='ocrx_word' id='word_1_143' title='bbox 960 2052 1040 2117; x_wconf 88' lang='lat' dir='ltr'>locis</span> <span class='ocrx_word' id='word_1_144' title='bbox 1058 2065 1116 2138; x_wconf 82' lang='lat' dir='ltr'>pa·</span> <span class='ocrx_word' id='word_1_145' title='bbox 1139 2048 1142 2052; x_wconf 64' lang='grc'><strong>’</strong></span> 
     </span>
     <span class='ocr_line' id='line_1_21' title="bbox 84 2152 1113 2236; baseline 0.002 -22"><span class='ocrx_word' id='word_1_146' title='bbox 84 2178 117 2215; x_wconf 83' lang='lat'>20</span> <span class='ocrx_word' id='word_1_147' title='bbox 127 2153 274 2216; x_wconf 86' lang='lat' dir='ltr'>tentibus</span> <span class='ocrx_word' id='word_1_148' title='bbox 304 2152 510 2236; x_wconf 84' lang='lat' dir='ltr'>maximeque</span> <span class='ocrx_word' id='word_1_149' title='bbox 534 2152 759 2216; x_wconf 79' lang='lat' dir='ltr'>frumentariis</span> <span class='ocrx_word' id='word_1_150' title='bbox 781 2153 939 2216; x_wconf 91' lang='lat' dir='ltr'>finitimos</span> <span class='ocrx_word' id='word_1_151' title='bbox 962 2152 1113 2218; x_wconf 84' lang='lat' dir='ltr'>haberet.</span> 
     </span>
     <span class='ocr_line' id='line_1_22' title="bbox 129 2251 1114 2336; baseline 0.001 -21"><span class='ocrx_word' id='word_1_152' title='bbox 129 2251 182 2315; x_wconf 92' lang='lat' dir='ltr'>Ob</span> <span class='ocrx_word' id='word_1_153' title='bbox 197 2273 251 2315; x_wconf 87' lang='lat' dir='ltr'>eas</span> <span class='ocrx_word' id='word_1_154' title='bbox 267 2273 380 2315; x_wconf 88' lang='lat' dir='ltr'>causas</span> <span class='ocrx_word' id='word_1_155' title='bbox 400 2252 431 2315; x_wconf 92' lang='lat' dir='ltr'>ei</span> <span class='ocrx_word' id='word_1_156' title='bbox 454 2251 639 2329; x_wconf 90' lang='lat' dir='ltr'>munitioni,</span> <span class='ocrx_word' id='word_1_157' title='bbox 657 2274 755 2336; x_wconf 91' lang='lat' dir='ltr'>quam</span> <span class='ocrx_word' id='word_1_158' title='bbox 778 2252 911 2330; x_wconf 79' lang='lat' dir='ltr'>fecerat,</span> <span class='ocrx_word' id='word_1_159' title='bbox 930 2252 970 2315; x_wconf 91' lang='lat' dir='ltr'>T.</span> <span class='ocrx_word' id='word_1_160' title='bbox 996 2251 1114 2316; x_wconf 72' lang='lat' dir='ltr'>Labic-</span> 
     </span>
     <span class='ocr_line' id='line_1_23' title="bbox 126 2350 1114 2436; baseline 0 -22"><span class='ocrx_word' id='word_1_161' title='bbox 126 2373 206 2414; x_wconf 91' lang='lat' dir='ltr'>num</span> <span class='ocrx_word' id='word_1_162' title='bbox 229 2351 375 2435; x_wconf 84' lang='lat' dir='ltr'>legatum</span> <span class='ocrx_word' id='word_1_163' title='bbox 402 2351 566 2436; x_wconf 82' lang='lat' dir='ltr'>praeficit3</span> <span class='ocrx_word' id='word_1_164' title='bbox 594 2351 663 2436; x_wconf 88' lang='lat' dir='ltr'>ipse</span> <span class='ocrx_word' id='word_1_165' title='bbox 692 2351 726 2414; x_wconf 92' lang='lat' dir='ltr'>in</span> <span class='ocrx_word' id='word_1_166' title='bbox 755 2352 888 2416; x_wconf 69' lang='lat' dir='ltr'>Italiam</span> <span class='ocrx_word' id='word_1_167' title='bbox 910 2350 1039 2436; x_wconf 87' lang='lat' dir='ltr'>magnis</span> <span class='ocrx_word' id='word_1_168' title='bbox 1061 2350 1114 2414; x_wconf 90' lang='lat' dir='ltr'>iti·</span> 
     </span>
    </p>
   </div>
   <div class='ocr_carea' id='block_1_6' title="bbox 95 2481 1117 3708">
    <p class='ocr_par' dir='ltr' id='par_1_6' title="bbox 127 2481 1113 2786">
     <span class='ocr_line' id='line_1_24' title="bbox 165 2481 1113 2554; baseline 0.002 -20"><span class='ocrx_word' id='word_1_169' title='bbox 165 2488 187 2534; x_wconf 94' lang='lat'>1.</span> <span class='ocrx_word' id='word_1_170' title='bbox 215 2486 342 2547; x_wconf 80' lang='lat' dir='ltr'>legatos.</span> <span class='ocrx_word' id='word_1_171' title='bbox 379 2482 525 2537; x_wconf 89' lang='lat' dir='ltr'>Inasmuch</span> <span class='ocrx_word' id='word_1_172' title='bbox 555 2501 584 2536; x_wconf 92' lang='lat' dir='ltr'>as</span> <span class='ocrx_word' id='word_1_173' title='bbox 607 2483 767 2547; x_wconf 86' lang='lat' dir='ltr'>Dumnorix,</span> <span class='ocrx_word' id='word_1_174' title='bbox 787 2484 919 2554; x_wconf 84' lang='lat' dir='ltr'>although</span> <span class='ocrx_word' id='word_1_175' title='bbox 943 2501 959 2536; x_wconf 87' lang='lat' dir='ltr'>a</span> <span class='ocrx_word' id='word_1_176' title='bbox 979 2481 1113 2553; x_wconf 81' lang='lat' dir='ltr'>pcwcriul</span> 
     </span>
     <span class='ocr_line' id='line_1_25' title="bbox 128 2565 1112 2637; baseline 0.002 -19"><span class='ocrx_word' id='word_1_177' title='bbox 128 2565 216 2630; x_wconf 89' lang='lat' dir='ltr'>noble,</span> <span class='ocrx_word' id='word_1_178' title='bbox 236 2583 290 2619; x_wconf 86' lang='lat' dir='ltr'>was</span> <span class='ocrx_word' id='word_1_179' title='bbox 315 2574 362 2619; x_wconf 92' lang='lat' dir='ltr'>not</span> <span class='ocrx_word' id='word_1_180' title='bbox 387 2585 421 2619; x_wconf 89' lang='lat' dir='ltr'>an</span> <span class='ocrx_word' id='word_1_181' title='bbox 447 2567 545 2620; x_wconf 87' lang='lat' dir='ltr'>official</span> <span class='ocrx_word' id='word_1_182' title='bbox 569 2584 726 2637; x_wconf 87' lang='lat' dir='ltr'>personage,</span> <span class='ocrx_word' id='word_1_183' title='bbox 745 2568 767 2619; x_wconf 92' lang='lat' dir='ltr'>it</span> <span class='ocrx_word' id='word_1_184' title='bbox 785 2568 808 2619; x_wconf 90' lang='lat' dir='ltr'>is</span> <span class='ocrx_word' id='word_1_185' title='bbox 827 2569 915 2620; x_wconf 90' lang='lat' dir='ltr'>better</span> <span class='ocrx_word' id='word_1_186' title='bbox 933 2574 962 2620; x_wconf 91' lang='lat' dir='ltr'>to</span> <span class='ocrx_word' id='word_1_187' title='bbox 980 2566 1112 2620; x_wconf 83' lang='lat' dir='ltr'>translate</span> 
     </span>
     <span class='ocr_line' id='line_1_26' title="bbox 128 2649 1112 2721; baseline 0.001 -20"><span class='ocrx_word' id='word_1_188' title='bbox 128 2653 247 2714; x_wconf 81' lang='lat' dir='ltr'>legatos</span> <span class='ocrx_word' id='word_1_189' title='bbox 267 2649 302 2719; x_wconf 90' lang='lat' dir='ltr'>by</span> <span class='ocrx_word' id='word_1_190' title='bbox 315 2650 362 2703; x_wconf 85' lang='lat' dir='ltr'>the</span> <span class='ocrx_word' id='word_1_191' title='bbox 375 2650 515 2703; x_wconf 81' lang='lat' dir='ltr'>collective</span> <span class='ocrx_word' id='word_1_192' title='bbox 527 2650 686 2720; x_wconf 87' lang='lat' dir='ltr'>expression</span> <span class='ocrx_word' id='word_1_193' title='bbox 699 2656 714 2682; x_wconf 82' lang='lat'>‘⁴</span> <span class='ocrx_word' id='word_1_194' title='bbox 723 2668 740 2703; x_wconf 86' lang='lat' dir='ltr'>a</span> <span class='ocrx_word' id='word_1_195' title='bbox 752 2650 906 2721; x_wconf 86' lang='lat' dir='ltr'>delegation</span> <span class='ocrx_word' id='word_1_196' title='bbox 914 2651 930 2674; x_wconf 88' lang='lat'>&#39;’</span> <span class='ocrx_word' id='word_1_197' title='bbox 942 2650 1011 2703; x_wconf 84' lang='lat' dir='ltr'>than</span> <span class='ocrx_word' id='word_1_198' title='bbox 1023 2658 1052 2702; x_wconf 92' lang='lat' dir='ltr'>to</span> <span class='ocrx_word' id='word_1_199' title='bbox 1064 2665 1112 2703; x_wconf 89' lang='lat' dir='ltr'>use</span> 
     </span>
     <span class='ocr_line' id='line_1_27' title="bbox 127 2732 588 2786; baseline 0.002 -2"><span class='ocrx_word' id='word_1_200' title='bbox 127 2732 174 2785; x_wconf 90' lang='lat' dir='ltr'>the</span> <span class='ocrx_word' id='word_1_201' title='bbox 187 2743 255 2785; x_wconf 89' lang='lat' dir='ltr'>term</span> <span class='ocrx_word' id='word_1_202' title='bbox 269 2738 285 2764; x_wconf 87' lang='lat'><strong>“</strong></span> <span class='ocrx_word' id='word_1_203' title='bbox 293 2733 479 2785; x_wconf 89' lang='lat' dir='ltr'>ambassadors</span> <span class='ocrx_word' id='word_1_204' title='bbox 489 2735 503 2756; x_wconf 90' lang='lat'><strong>”</strong></span> <span class='ocrx_word' id='word_1_205' title='bbox 516 2733 588 2786; x_wconf 90' lang='grc'>11111.</span> 
     </span>
    </p>

    <p class='ocr_par' dir='ltr' id='par_1_7' title="bbox 163 2814 900 2889">
     <span class='ocr_line' id='line_1_28' title="bbox 163 2814 900 2886; baseline 0.001 -19"><span class='ocrx_word' id='word_1_206' title='bbox 163 2820 186 2868; x_wconf 90' lang='grc'>6.</span> <span class='ocrx_word' id='word_1_207' title='bbox 208 2819 302 2867; x_wconf 87' lang='lat' dir='ltr'>filiam</span> <span class='ocrx_word' id='word_1_208' title='bbox 316 2853 322 2866; x_wconf 93' lang='lat'>.</span> <span class='ocrx_word' id='word_1_209' title='bbox 377 2819 517 2868; x_wconf 84' lang='lat' dir='ltr'>duxerat.</span> <span class='ocrx_word' id='word_1_210' title='bbox 555 2816 598 2868; x_wconf 78' lang='lat' dir='ltr'>Cf.</span> <span class='ocrx_word' id='word_1_211' title='bbox 612 2815 662 2868; x_wconf 87' lang='lat' dir='ltr'>Ch.</span> <span class='ocrx_word' id='word_1_212' title='bbox 678 2814 730 2868; x_wconf 91' lang='lat' dir='ltr'>III.</span> <span class='ocrx_word' id='word_1_213' title='bbox 747 2816 829 2886; x_wconf 87' lang='lat' dir='ltr'>(page</span> <span class='ocrx_word' id='word_1_214' title='bbox 844 2817 900 2886; x_wconf 88' lang='grc'>10).</span> 
     </span>
    </p>

    <p class='ocr_par' dir='ltr' id='par_1_8' title="bbox 127 2897 1113 3299">
     <span class='ocr_line' id='line_1_29' title="bbox 164 2897 1113 2968; baseline 0 -19"><span class='ocrx_word' id='word_1_215' title='bbox 164 2904 205 2950; x_wconf 84' lang='grc'>15.</span> <span class='ocrx_word' id='word_1_216' title='bbox 226 2902 409 2950; x_wconf 79' lang='lat' dir='ltr'>Santonum.</span> <span class='ocrx_word' id='word_1_217' title='bbox 447 2898 498 2951; x_wconf 85' lang='lat' dir='ltr'>See</span> <span class='ocrx_word' id='word_1_218' title='bbox 512 2916 582 2968; x_wconf 86' lang='lat' dir='ltr'>map,</span> <span class='ocrx_word' id='word_1_219' title='bbox 596 2898 622 2951; x_wconf 93' lang='lat' dir='ltr'>D</span> <span class='ocrx_word' id='word_1_220' title='bbox 636 2904 651 2951; x_wconf 81' lang='lat'><strong>3</strong></span> <span class='ocrx_word' id='word_1_221' title='bbox 665 2900 718 2951; x_wconf 87' lang='lat' dir='ltr'>and</span> <span class='ocrx_word' id='word_1_222' title='bbox 732 2906 756 2951; x_wconf 80' lang='lat'>4.</span> <span class='ocrx_word' id='word_1_223' title='bbox 793 2899 852 2951; x_wconf 88' lang='lat' dir='ltr'>The</span> <span class='ocrx_word' id='word_1_224' title='bbox 864 2899 934 2951; x_wconf 79' lang='lat' dir='ltr'>form</span> <span class='ocrx_word' id='word_1_225' title='bbox 953 2899 976 2950; x_wconf 90' lang='lat' dir='ltr'>is</span> <span class='ocrx_word' id='word_1_226' title='bbox 994 2898 1042 2951; x_wconf 87' lang='lat' dir='ltr'>the</span> <span class='ocrx_word' id='word_1_227' title='bbox 1055 2897 1113 2950; x_wconf 89' lang='lat' dir='ltr'>old·</span> 
     </span>
     <span class='ocr_line' id='line_1_30' title="bbox 127 2980 1111 3051; baseline 0 -18"><span class='ocrx_word' id='word_1_228' title='bbox 127 2980 268 3034; x_wconf 87' lang='lat' dir='ltr'>fashioned</span> <span class='ocrx_word' id='word_1_229' title='bbox 294 2983 414 3051; x_wconf 82' lang='lat' dir='ltr'>genitive</span> <span class='ocrx_word' id='word_1_230' title='bbox 439 2981 467 3033; x_wconf 87' lang='lat' dir='ltr'>of</span> <span class='ocrx_word' id='word_1_231' title='bbox 489 2982 534 3034; x_wconf 84' lang='lat' dir='ltr'>the</span> <span class='ocrx_word' id='word_1_232' title='bbox 560 2983 659 3035; x_wconf 86' lang='lat' dir='ltr'>second</span> <span class='ocrx_word' id='word_1_233' title='bbox 678 2982 840 3035; x_wconf 88' lang='lat' dir='ltr'>deciension.</span> <span class='ocrx_word' id='word_1_234' title='bbox 879 2981 922 3035; x_wconf 86' lang='lat' dir='ltr'>cf.</span> <span class='ocrx_word' id='word_1_235' title='bbox 943 2985 1111 3045; x_wconf 79' lang='lat' dir='ltr'>Santonos,</span> 
     </span>
     <span class='ocr_line' id='line_1_31' title="bbox 127 3054 1113 3134; baseline 0 -18"><span class='ocrx_word' id='word_1_236' title='bbox 127 3064 181 3116; x_wconf 85' lang='lat' dir='ltr'>end</span> <span class='ocrx_word' id='word_1_237' title='bbox 194 3063 222 3116; x_wconf 88' lang='lat' dir='ltr'>of</span> <span class='ocrx_word' id='word_1_238' title='bbox 235 3062 284 3116; x_wconf 81' lang='lat' dir='ltr'>ch.</span> <span class='ocrx_word' id='word_1_239' title='bbox 298 3063 349 3116; x_wconf 91' lang='lat' dir='ltr'>XI.</span> <span class='ocrx_word' id='word_1_240' title='bbox 387 3063 442 3116; x_wconf 85' lang='lat' dir='ltr'>For</span> <span class='ocrx_word' id='word_1_241' title='bbox 455 3083 471 3117; x_wconf 94' lang='lat' dir='ltr'>a</span> <span class='ocrx_word' id='word_1_242' title='bbox 484 3065 633 3117; x_wconf 86' lang='lat' dir='ltr'>discussion</span> <span class='ocrx_word' id='word_1_243' title='bbox 647 3064 675 3116; x_wconf 91' lang='grc' dir='ltr'>ο1</span> <span class='ocrx_word' id='word_1_244' title='bbox 688 3065 734 3117; x_wconf 85' lang='lat' dir='ltr'>the</span> <span class='ocrx_word' id='word_1_245' title='bbox 747 3064 894 3117; x_wconf 85' lang='lat' dir='ltr'>somewhat</span> <span class='ocrx_word' id='word_1_246' title='bbox 905 3064 970 3134; x_wconf 89' lang='lat' dir='ltr'>long</span> <span class='ocrx_word' id='word_1_247' title='bbox 988 3054 1113 3117; x_wconf 85' lang='lat' dir='ltr'>distance</span> 
     </span>
     <span class='ocr_line' id='line_1_32' title="bbox 127 3145 1111 3217; baseline -0.001 -18"><span class='ocrx_word' id='word_1_248' title='bbox 127 3146 156 3199; x_wconf 88' lang='grc'>01</span> <span class='ocrx_word' id='word_1_249' title='bbox 168 3147 214 3199; x_wconf 91' lang='lat' dir='ltr'>the</span> <span class='ocrx_word' id='word_1_250' title='bbox 227 3145 341 3200; x_wconf 90' lang='lat' dir='ltr'>Santoni</span> <span class='ocrx_word' id='word_1_251' title='bbox 352 3148 421 3200; x_wconf 84' lang='lat' dir='ltr'>lrom</span> <span class='ocrx_word' id='word_1_252' title='bbox 434 3147 480 3200; x_wconf 85' lang='lat' dir='ltr'>the</span> <span class='ocrx_word' id='word_1_253' title='bbox 495 3147 599 3200; x_wconf 84' lang='lat' dir='ltr'>Roman</span> <span class='ocrx_word' id='word_1_254' title='bbox 610 3148 747 3217; x_wconf 86' lang='lat' dir='ltr'>province,</span> <span class='ocrx_word' id='word_1_255' title='bbox 758 3164 802 3199; x_wconf 90' lang='grc'>111</span> <span class='ocrx_word' id='word_1_256' title='bbox 816 3148 966 3217; x_wconf 85' lang='lat' dir='ltr'>Appendix</span> <span class='ocrx_word' id='word_1_257' title='bbox 979 3146 1029 3200; x_wconf 89' lang='lat' dir='ltr'>IV.</span> <span class='ocrx_word' id='word_1_258' title='bbox 1067 3145 1111 3200; x_wconf 81' lang='lat' dir='ltr'>cf.</span> 
     </span>
     <span class='ocr_line' id='line_1_33' title="bbox 127 3229 382 3299; baseline -0.004 -17"><span class='ocrx_word' id='word_1_259' title='bbox 127 3229 184 3282; x_wconf 87' lang='lat' dir='ltr'>also</span> <span class='ocrx_word' id='word_1_260' title='bbox 198 3230 347 3299; x_wconf 87' lang='lat' dir='ltr'>Appendix</span> <span class='ocrx_word' id='word_1_261' title='bbox 359 3230 382 3282; x_wconf 95' lang='lat' dir='ltr'>I.</span> 
     </span>
    </p>

    <p class='ocr_par' dir='ltr' id='par_1_9' title="bbox 126 3312 1112 3449">
     <span class='ocr_line' id='line_1_34' title="bbox 164 3312 1112 3383; baseline 0.001 -18"><span class='ocrx_word' id='word_1_262' title='bbox 164 3317 205 3365; x_wconf 90' lang='grc'>16.</span> <span class='ocrx_word' id='word_1_263' title='bbox 226 3315 425 3366; x_wconf 77' lang='lat' dir='ltr'>Tolosatium.</span> <span class='ocrx_word' id='word_1_264' title='bbox 459 3313 509 3367; x_wconf 90' lang='lat' dir='ltr'>See</span> <span class='ocrx_word' id='word_1_265' title='bbox 522 3331 593 3383; x_wconf 87' lang='lat' dir='ltr'>map,</span> <span class='ocrx_word' id='word_1_266' title='bbox 607 3313 631 3365; x_wconf 87' lang='lat' dir='ltr'>E</span> <span class='ocrx_word' id='word_1_267' title='bbox 644 3319 671 3365; x_wconf 89' lang='grc'>4.</span> <span class='ocrx_word' id='word_1_268' title='bbox 705 3312 790 3365; x_wconf 90' lang='lat' dir='ltr'>Their</span> <span class='ocrx_word' id='word_1_269' title='bbox 802 3312 877 3366; x_wconf 80' lang='lat' dir='ltr'>chief</span> <span class='ocrx_word' id='word_1_270' title='bbox 889 3322 972 3377; x_wconf 86' lang='lat' dir='ltr'>town,</span> <span class='ocrx_word' id='word_1_271' title='bbox 989 3316 1112 3378; x_wconf 65' lang='lat' dir='ltr'>Tolosa,</span> 
     </span>
     <span class='ocr_line' id='line_1_35' title="bbox 126 3396 490 3449; baseline 0 -1"><span class='ocrx_word' id='word_1_272' title='bbox 126 3396 149 3449; x_wconf 90' lang='lat' dir='ltr'>is</span> <span class='ocrx_word' id='word_1_273' title='bbox 162 3396 209 3449; x_wconf 89' lang='lat' dir='ltr'>the</span> <span class='ocrx_word' id='word_1_274' title='bbox 222 3397 333 3449; x_wconf 89' lang='lat' dir='ltr'>modern</span> <span class='ocrx_word' id='word_1_275' title='bbox 346 3396 490 3449; x_wconf 88' lang='lat' dir='ltr'>Toulouse.</span> 
     </span>
    </p>

    <p class='ocr_par' dir='ltr' id='par_1_10' title="bbox 163 3476 1024 3549">
     <span class='ocr_line' id='line_1_36' title="bbox 163 3476 1024 3549; baseline -0.001 -20"><span class='ocrx_word' id='word_1_276' title='bbox 163 3482 204 3531; x_wconf 77' lang='lat'>21.</span> <span class='ocrx_word' id='word_1_277' title='bbox 224 3477 278 3530; x_wconf 89' lang='lat' dir='ltr'>For</span> <span class='ocrx_word' id='word_1_278' title='bbox 291 3496 308 3531; x_wconf 90' lang='lat' dir='ltr'>a</span> <span class='ocrx_word' id='word_1_279' title='bbox 320 3478 391 3533; x_wconf 86' lang='lat' dir='ltr'>brief</span> <span class='ocrx_word' id='word_1_280' title='bbox 404 3477 554 3549; x_wconf 87' lang='lat' dir='ltr'>biography</span> <span class='ocrx_word' id='word_1_281' title='bbox 567 3478 595 3530; x_wconf 89' lang='grc' dir='ltr'>ο1</span> <span class='ocrx_word' id='word_1_282' title='bbox 608 3477 753 3542; x_wconf 85' lang='lat' dir='ltr'>Labienus,</span> <span class='ocrx_word' id='word_1_283' title='bbox 767 3494 812 3530; x_wconf 88' lang='lat' dir='ltr'>see</span> <span class='ocrx_word' id='word_1_284' title='bbox 826 3476 975 3547; x_wconf 85' lang='lat' dir='ltr'>Appendix</span> <span class='ocrx_word' id='word_1_285' title='bbox 989 3476 1024 3529; x_wconf 93' lang='lat' dir='ltr'>II.</span> 
     </span>
    </p>

    <p class='ocr_par' dir='ltr' id='par_1_11' title="bbox 95 3559 1117 3708">
     <span class='ocr_line' id='line_1_37' title="bbox 150 3559 1117 3635; baseline 0.003 -27"><span class='ocrx_word' id='word_1_286' title='bbox 150 3563 193 3608; x_wconf 75' lang='lat'>22.</span> <span class='ocrx_word' id='word_1_287' title='bbox 212 3563 348 3614; x_wconf 75' lang='lat' dir='ltr'>Italiam.</span> <span class='ocrx_word' id='word_1_288' title='bbox 387 3561 413 3616; x_wconf 86' lang='lat' dir='ltr'>J.</span> <span class='ocrx_word' id='word_1_289' title='bbox 433 3580 456 3618; x_wconf 86' lang='lat' dir='ltr'>e.</span> <span class='ocrx_word' id='word_1_290' title='bbox 479 3562 527 3617; x_wconf 85' lang='lat' dir='ltr'>the</span> <span class='ocrx_word' id='word_1_291' title='bbox 553 3568 617 3635; x_wconf 87' lang='lat' dir='ltr'>part</span> <span class='ocrx_word' id='word_1_292' title='bbox 641 3577 716 3615; x_wconf 82' lang='lat' dir='ltr'>more</span> <span class='ocrx_word' id='word_1_293' title='bbox 740 3559 890 3628; x_wconf 63' lang='lat' dir='ltr'>commonly</span> <span class='ocrx_word' id='word_1_294' title='bbox 913 3559 1003 3612; x_wconf 77' lang='lat' dir='ltr'>called</span> <span class='ocrx_word' id='word_1_295' title='bbox 1023 3559 1117 3611; x_wconf 67' lang='lat' dir='ltr'>Gallis.</span> 
     </span>
     <span class='ocr_line' id='line_1_38' title="bbox 95 3637 455 3708; baseline 0.025 -14"><span class='ocrx_word' id='word_1_296' title='bbox 95 3637 243 3708; x_wconf 58' lang='grc'>6113111111</span> <span class='ocrx_word' id='word_1_297' title='bbox 256 3653 291 3698; x_wconf 81' lang='lat' dir='ltr'>at</span> <span class='ocrx_word' id='word_1_298' title='bbox 305 3645 362 3700; x_wconf 89' lang='lat' dir='ltr'>this</span> <span class='ocrx_word' id='word_1_299' title='bbox 377 3648 455 3703; x_wconf 87' lang='lat' dir='ltr'>time.</span> 
     </span>
    </p>
   </div>
   <div class='ocr_carea' id='block_1_7' title="bbox 0 0 1207 3856">
    <p class='ocr_par' dir='ltr' id='par_1_12' title="bbox 0 0 1207 3856">
     <span class='ocr_line' id='line_1_39' title="bbox 0 0 1207 3856; baseline 0 0"><span class='ocrx_word' id='word_1_300' title='bbox 0 0 1207 3856; x_wconf 95' lang='lat' dir='ltr'> </span> 
     </span>
    </p>
   </div>
  </div>
 </body>
</html>
