2392 3856
82 123 124 189 10
461 139 586 193 nutus
610 138 777 194 catulos

126 283 275 348 homines
291 283 435 347 bellandi
450 248 562 367 cupidi
586 303 704 366 magno
726 281 838 345 dolore
860 280 1110 346 adficiebantur.

126 383 194 448 Pro
216 383 428 447 multitudine
443 389 555 446 autem
573 382 744 446 hominum
767 388 801 444 et
822 403 883 466 pro
904 380 1010 467 gloria
1033 381 1113 444 belli
1151 443 1155 451 ,

125 490 224 566 atque
248 482 453 546 fortitudinis
477 489 633 567 angustos
661 504 695 546 se
721 481 802 544 fines
828 480 950 545 habere
977 479 1114 550 arbitra-

126 582 257 657 bantur,
274 581 379 664 quiin
395 581 636 666 longitudinem
653 581 744 644 milia
759 602 915 665 passuum
932 579 1066 658 CCXL,
1077 579 1113 643 in

60 731 62 734 >
96 696 119 756 5]
126 681 336 746 latitudinem
353 679 520 744 CLXXX
537 680 706 764 patebant.

169 788 229 844 111.
260 779 324 844 His
346 780 444 843 rebus
466 779 602 844 adducti
625 786 661 843 ot
684 781 883 844 auctoritate
898 779 1113 865 ,Orgetorigis

125 879 278 965 permoti,
309 879 551 943 constituerunt
581 901 619 942 ea
650 901 732 962 quae
762 879 806 943 ad
841 879 1112 965 proficiscendum

125 979 329 1064 pertinerent
373 1001 572 1064 comparare,
613 979 835 1042 iumentorum
867 986 901 1042 et
943 1000 1112 1043 carrorum

125 1102 223 1164 quam
245 1079 428 1143 maximum
452 1100 625 1142 numerum
647 1083 805 1157 coemere,
827 1085 989 1142 sementes
1013 1101 1112 1162 quam

84 1199 114 1234 10
126 1179 285 1242 maximas
311 1178 428 1256 facere,
453 1185 492 1241 ut
518 1178 554 1240 in
584 1178 702 1241 itinere
728 1179 823 1264 copia
848 1178 1009 1242 {rumenti
1039 1200 1111 1262 sup

125 1285 264 1363 peteret,
281 1299 354 1340 cum
372 1276 733 1362 proximiscivitatibus
748 1299 863 1362 pacem
879 1287 915 1343 et
929 1277 1110 1342 amicitiam

124 1378 328 1441 confirmare.
374 1376 430 1439 Ad
457 1397 512 1439 eas
535 1398 588 1440 res
612 1377 828 1441 conficiendas
856 1378 1025 1442 biennium
1049 1376 1112 1440 sibi

124 1476 204 1540 satis
219 1499 288 1539 esse
303 1477 491 1552 duxerunt3
514 1475 549 1538 in
568 1476 705 1540 tertium
728 1500 850 1541 annum
872 1477 1112 1562 profectionem

124 1575 197 1660 lege
224 1575 427 1638 confirmant.
476 1573 652 1659 Orgetorix
676 1577 781 1661 (dux)
805 1577 970 1662 deligitur.
1016 1577 1050 1640 Is
1069 1577 1112 1640 le-

83 1705 114 1754 15
124 1675 292 1760 gationem
312 1675 353 1738 ad
369 1673 521 1738 civitates
544 1675 689 1758 suscipit.
735 1675 776 1738 lu
792 1698 831 1740 eo
846 1677 964 1740 itinere
979 1683 1112 1760 persua

125 1775 182 1838 det
209 1774 353 1853 Gnatiae,
385 1773 687 1839 Catamantaloedis
716 1775 793 1853 filio,
825 1775 986 1858 Sequano,
1017 1775 1111 1839 cuius

124 1882 219 1959 pater
241 1896 380 1959 regnum
404 1874 440 1937 in
467 1873 627 1956 Sequanis
649 1875 771 1937 multos
796 1897 899 1939 annos
922 1875 1112 1939 obtinuerat

125 1982 160 2038 et
178 1997 198 2038 a
221 1983 338 2038 senatu
362 1974 476 2058 populi
501 1972 644 2037 Romani
669 1973 793 2037 amicus
819 1974 1003 2059 appellatus
1027 1982 1110 2052 erat,

126 2081 164 2136 ut
195 2094 333 2158 regnum
366 2072 400 2134 in
439 2072 573 2136 civitate
603 2080 663 2136 sua
693 2081 877 2158 occuparet,
900 2073 987 2156 quod
1017 2082 1112 2159 pater

82 2195 115 2232 20
125 2179 202 2236 ante
232 2171 404 2248 habuerit3
428 2171 573 2254 itemque
604 2171 804 2258 Dumndrigi
835 2173 986 2251 Haeduo,
1014 2174 1111 2237 fratri

126 2270 301 2349 Diviciaci,
327 2271 383 2354 qui
412 2292 451 2335 eo
481 2278 628 2356 tempore
658 2273 880 2358 principatum
911 2273 946 2336 in
976 2272 1111 2337 civitate

125 2370 298 2435 obtinebat
324 2392 362 2434 ac
388 2369 530 2434 maxime
554 2371 643 2455 plebi
669 2381 821 2456 acceptus
850 2380 932 2451 erat,
958 2379 996 2436 ut
1022 2372 1110 2437 idem

82 2525 83 2530 ,
126 2479 298 2535 conaretur
324 2470 508 2554 persuadet,
524 2470 618 2553 eique
641 2470 743 2534 filiam
770 2493 864 2545 suam
890 2472 926 2536 in
947 2471 1111 2536 matrimo-

126 2570 218 2635 nium
241 2572 308 2635 dat.
355 2569 516 2633 Perfacile
546 2570 637 2633 factu
660 2592 729 2634 esse
755 2570 821 2633 illis
851 2571 970 2656 probat
993 2578 1111 2635 conata

161 2753 186 2812 4,
201 2753 225 2799 5.
243 2750 329 2800 milla
345 2763 493 2812 passuum
512 2785 518 2798 .
538 2786 544 2798 .
563 2783 570 2798 .
588 2751 745 2812 patebant.
783 2747 843 2801 The
857 2747 962 2801 Roman
976 2748 1038 2801 mile
1055 2767 1110 2802 was

126 2831 209 2884 about
222 2836 272 2882 425
286 2831 342 2883 feet
361 2830 467 2882 shorter
485 2828 551 2881 than
569 2829 616 2882 the
633 2830 748 2900 English
761 2831 832 2884 mile.
870 2830 1020 2884 herefore
1032 2832 1110 2886 these

126 2914 262 2967 distances
271 2929 317 2965 are
329 2913 357 2965 in
370 2929 419 2965 cur
428 2929 549 2965 measure
563 2929 579 2964 a
591 2913 660 2966 little
670 2931 743 2966 more
757 2914 823 2966 than
838 2918 887 2966 220
901 2914 955 2967 and
969 2918 1018 2966 165
1032 2915 1111 2968 miles

125 2995 315 3066 respectively.

163 3085 204 3131 14.
223 3076 279 3130 For
291 3077 338 3129 the
350 3093 446 3129 reason
459 3077 540 3146 given
553 3077 581 3129 in
595 3077 641 3131 the
655 3077 708 3131 last
720 3087 783 3132 note
796 3097 831 3132 on
844 3097 913 3150 page
927 3084 951 3144 8,
964 3079 1011 3132 the
1021 3081 1110 3133 words

126 3165 232 3213 adeas
251 3175 302 3211 ras
320 3163 528 3212 conficiendas
543 3160 613 3213 have
626 3160 695 3214 been
708 3162 822 3215 omitted
834 3162 906 3215 alter
917 3166 1109 3229 confirmant,

127 3244 181 3297 and
194 3243 240 3295 the
253 3242 327 3306 word
340 3245 402 3294 sibi
414 3242 464 3294 has
476 3242 545 3295 been
558 3244 671 3296 omitted
684 3244 754 3297 after
765 3248 806 3296 1a.

164 3332 204 3378 21.
223 3324 278 3378 For
299 3325 373 3377 what
391 3326 413 3377 is
435 3324 534 3378 known
555 3325 584 3378 of
603 3325 760 3381 Diviciacus
781 3327 934 3399 (generally
953 3329 1110 3400 misspelled

126 3407 304 3478 Divitiaous),
318 3425 362 3461 see
374 3407 524 3478 Appendix
536 3408 574 3460 II.

160 3498 202 3543 24.
222 3507 302 3544 esse.
342 3490 384 3546 cf.
397 3499 461 3544 note
473 3509 508 3543 cn
521 3491 568 3544 the
582 3507 654 3544 same
667 3493 752 3557 word,
766 3509 836 3564 page
850 3497 874 3545 9.

143 3577 186 3622 24.
202 3578 334 3637 probat.
373 3575 432 3630 For
441 3575 490 3630 the
500 3592 549 3630 use
559 3575 588 3630 oi
597 3574 647 3630 the
656 3582 768 3646 present
775 3584 855 3629 tense
862 3575 1117 3628 tlrustnhensteau
