2392 3856
126 156 169 222 46
508 162 632 217 BELLI
656 162 822 218 enarrer

171 315 230 373 aut
252 308 293 370 de
308 305 414 388 officio
429 305 637 389 imperatoris
655 306 827 390 desperare
851 316 909 369 aut
931 303 1154 389 praescribere

171 407 370 472 viderentur.
446 405 540 469 Haec
577 405 640 468 sibi
678 427 747 468 esse
784 426 902 468 curae:
948 405 1153 467 frumentum

172 507 352 592 Sequanos,
385 504 520 580 Leucoe,
544 504 709 590 Lingbnes
738 503 998 579 subministrare,
1021 503 1152 588 iamque

171 627 242 670 esse
271 605 306 668 in
337 604 425 689 agris
460 605 627 667 frumenta
657 610 814 679 matura3
847 604 887 666 de
916 604 1035 666 itinere
1065 603 1151 687 ipsos

141 705 265 778 5brevi
296 713 442 788 tempore
472 703 682 768 iudicaturos.
744 701 841 781 Quod
868 725 932 766 non
962 703 1033 766 fore
1063 702 1161 765 dicto?

171 805 341 869 audientes
359 825 465 887 neque
481 803 577 889 signa
603 802 704 866 laturi
718 802 881 879 dicantur,
904 802 989 866 nihil
1005 824 1040 866 se
1063 809 1102 866 ea
1117 823 1152 865 re

171 903 389 968 commoveri:
406 902 487 966 scire
502 903 600 978 enim,
613 902 871 986 quibuscumque
884 902 1047 966 exercitus
1063 902 1152 965 dicto

170 1004 306 1068 audiens
328 1024 393 1066 non
415 1001 526 1079 fuerit,
546 1009 603 1066 aut
628 1001 712 1064 male
738 1024 773 1065 re
794 1009 887 1086 gesta
908 1003 1077 1065 fortunam
1100 1001 1152 1064 de-

170 1104 271 1166 fuisse
302 1109 360 1166 aut
388 1102 498 1185 aliquo
522 1101 666 1166 facinore
689 1109 857 1186 comperto
880 1101 1052 1165 avaritiam
1080 1122 1152 1164 esse

119 1239 160 1288 ω
171 1205 362 1268 convictam.
407 1201 509 1267 Suam
525 1202 746 1266 innocentiam
770 1210 932 1287 perpetua
953 1203 1031 1280 vita,
1051 1202 1152 1266 felici-

170 1311 271 1368 tatem
304 1302 531 1367 Helvetiorum
556 1301 641 1365 bello
665 1323 733 1365 esse
756 1309 971 1387 perspectam.
1033 1302 1152 1385 Itaque

171 1426 216 1478 se,
233 1402 320 1487 quod
335 1402 369 1464 in
386 1400 565 1487 longiorem
582 1401 669 1465 diem
680 1401 873 1465 ‘conlaturus
884 1401 1012 1480 fuisset,
1025 1423 1153 1486 reprae-

170 1510 377 1566 sentaturum
399 1508 433 1564 et
448 1501 600 1586 proxima
613 1508 710 1570 nocte
725 1502 765 1565 de
781 1508 897 1584 quarta
912 1501 1026 1584 vigilia
1042 1508 1153 1565 castra

169 1610 347 1678 moturum,
363 1607 402 1664 ut
416 1623 516 1684 quam
531 1601 676 1686 primum
690 1602 881 1687 intellegere
902 1607 1021 1685 posset,
1038 1607 1152 1663 utrum

129 1730 158 1780 15
170 1702 257 1786 apud
273 1723 328 1766 eos
343 1700 448 1786 pudor
463 1709 561 1785 atque
576 1701 718 1766 officium
742 1724 784 1765 an
807 1701 907 1765 timor
926 1700 999 1786 plus
1013 1700 1153 1764 valeret.

172 1799 268 1879 Quod
284 1801 311 1864 si
326 1807 496 1886 praeterea
516 1823 611 1865 nemo
634 1807 798 1885 sequatur,
815 1807 926 1864 tamen
943 1822 977 1864 se
992 1821 1067 1863 eum
1082 1798 1153 1864 sola

170 1901 297 1966 decima
314 1900 444 1986 legione
460 1901 594 1975 iturum,
611 1900 651 1963 de
667 1907 732 1985 qua
747 1922 810 1963 non
828 1900 1005 1977 dubitaret,
1022 1899 1151 1982 sibique

170 2024 244 2066 eam
273 2001 470 2087 praetoriam
501 2002 668 2064 cohortem
696 2001 852 2065 futuram.
910 2000 997 2064 Huio
1027 2001 1152 2086 legioni

171 2101 292 2165 Caesar
315 2108 349 2164 et
371 2100 554 2163 indulserat
583 2101 756 2186 praecipue
779 2106 813 2164 et
836 2108 970 2186 propter
992 2101 1151 2164 virtutem

126 2235 159 2271 20
169 2200 353 2264 confidebat
367 2199 520 2263 maxime.

214 2304 306 2363 XLI.
339 2299 413 2363 Hae
428 2299 575 2363 oratione
597 2299 712 2365 habita
727 2300 848 2363 mirum
871 2300 905 2362 in
930 2299 1062 2363 modum
1078 2322 1153 2363 con-

168 2420 282 2463 versae
305 2406 383 2462 sunt
406 2399 552 2462 omnium
576 2406 703 2463 mentes
726 2386 917 2483 summaque
940 2400 1092 2463 alacritas
1115 2410 1153 2465 et

170 2498 333 2584 cupiditas
356 2498 435 2562 belli
462 2499 598 2584 gerendi
630 2499 734 2564 inlata
766 2507 825 2574 est,
857 2500 1072 2584 princepsque
1104 2499 1150 2565 X.

169 2598 254 2684 legio
279 2621 337 2683 per
359 2599 508 2662 tribunos
531 2598 674 2662 militurn
699 2599 729 2662 ei
752 2599 873 2684 gratias
896 2599 976 2684 egit,
1000 2599 1086 2684 quod
1110 2600 1152 2664 de

125 2727 158 2777 25
169 2721 203 2762 se
227 2699 388 2782 optimum
413 2698 571 2761 iudicium
592 2698 734 2773 fecisset,
750 2720 848 2783 seque
871 2720 941 2762 esse
960 2700 1002 2762 ad
1025 2699 1151 2764 bellum

169 2798 350 2883 gerendum
373 2798 616 2882 paratissimam
646 2798 862 2862 confirmavit.
922 2798 1052 2862 Deinde
1078 2799 1152 2862 reli-

170 2918 253 2980 quae
282 2896 427 2982 legiones
459 2919 533 2960 cum
566 2898 707 2961 tribunis
738 2898 882 2961 militum
908 2905 943 2961 et
969 2898 1150 2982 primorum

170 2997 319 3059 ordinum
356 2997 602 3061 centurionibus
640 3007 786 3081 egerunt,
817 2998 866 3060 uti
902 2997 1039 3062 Caesari
1070 2998 1150 3063 satis

169 3096 342 3159 facerent:
382 3119 416 3159 se
454 3119 559 3181 neque
590 3120 745 3181 umquam
776 3097 944 3160 dubitasse
974 3118 1081 3181 neque
1111 3100 1151 3163 ti-

126 3195 290 3268 gemuisse
306 3217 412 3278 neque
428 3197 469 3260 de
485 3204 612 3260 summa
629 3195 708 3260 belli
724 3219 817 3260 suum
833 3196 1001 3272 iudicium,
1019 3197 1076 3261 sed
1091 3198 1151 3262 im-

170 3295 330 3380 peratoris
361 3316 430 3358 esse
465 3296 712 3360 existimavisse.
772 3296 896 3360 Eorum
927 3297 1150 3362 satisfactione

170 3401 305 3479 accepta
335 3402 368 3457 et
397 3395 516 3458 itinere
546 3396 708 3479 exquisito
731 3419 789 3479 per
819 3396 1037 3472 Diviciacum,
1062 3398 1163 3480 quod

192 3521 235 3566 13.
258 3521 376 3582 vigilia.
410 3517 485 3572 Soon
499 3519 574 3573 alter
584 3528 640 3574 two
652 3519 760 3574 o'cloek
769 3519 801 3572 in
810 3519 858 3573 the
871 3521 1002 3591 morning.
1028 3519 1071 3574 Cf.
1085 3529 1148 3575 note

135 3609 173 3642 on
190 3596 240 3646 the
252 3614 334 3653 same
351 3603 439 3670 word,
454 3622 530 3677 page
544 3609 587 3659 18.
