<?xml version="1.0" encoding="UTF-8"?>
<!DOCTYPE html PUBLIC "-//W3C//DTD XHTML 1.0 Transitional//EN"
    "http://www.w3.org/TR/xhtml1/DTD/xhtml1-transitional.dtd">
<html xmlns="http://www.w3.org/1999/xhtml" xml:lang="en" lang="en">
 <head>
  <title>
</title>
<meta http-equiv="Content-Type" content="text/html;charset=utf-8" />
  <meta name='ocr-system' content='tesseract 3.04.00' />
  <meta name='ocr-capabilities' content='ocr_page ocr_carea ocr_par ocr_line ocrx_word'/>
</head>
<body>
  <div class='ocr_page' id='page_1' title='image "./belligallicilib01caesgoog_0039.png"; bbox 0 0 2340 3846; ppageno 0'>
   <div class='ocr_carea' id='block_1_1' title="bbox 133 126 832 196">
    <p class='ocr_par' dir='ltr' id='par_1_1' title="bbox 133 126 832 196">
     <span class='ocr_line' id='line_1_1' title="bbox 133 126 832 196; baseline -0.004 0"><span class='ocrx_word' id='word_1_1' title='bbox 133 126 178 196; x_wconf 73' lang='lat'><strong>3⁰</strong></span> <span class='ocrx_word' id='word_1_2' title='bbox 514 140 640 194; x_wconf 76' lang='lat' dir='ltr'><strong>num</strong></span> <span class='ocrx_word' id='word_1_3' title='bbox 662 139 832 196; x_wconf 72' lang='lat' dir='ltr'><strong>aarum</strong></span> 
     </span>
    </p>
   </div>
   <div class='ocr_carea' id='block_1_2' title="bbox 131 281 1107 3002">
    <p class='ocr_par' dir='ltr' id='par_1_2' title="bbox 131 281 1107 3002">
     <span class='ocr_line' id='line_1_2' title="bbox 176 281 1107 368; baseline -0.002 -22"><span class='ocrx_word' id='word_1_4' title='bbox 176 285 638 368; x_wconf 77' lang='lat' dir='ltr'><strong>quattuorreteranammin</strong></span> <span class='ocrx_word' id='word_1_5' title='bbox 658 305 788 346; x_wconf 81' lang='lat' dir='ltr'><strong>summo</strong></span> <span class='ocrx_word' id='word_1_6' title='bbox 804 285 884 368; x_wconf 82' lang='lat' dir='ltr'><strong>iugo</strong></span> <span class='ocrx_word' id='word_1_7' title='bbox 901 283 984 345; x_wconf 79' lang='lat' dir='ltr'><strong>duas</strong></span> <span class='ocrx_word' id='word_1_8' title='bbox 1004 281 1107 366; x_wconf 86' lang='lat' dir='ltr'><strong>legion</strong></span> 
     </span>
     <span class='ocr_line' id='line_1_3' title="bbox 175 382 1099 468; baseline -0.004 -20"><span class='ocrx_word' id='word_1_9' title='bbox 175 406 258 468; x_wconf 81' lang='lat' dir='ltr'><strong>quas</strong></span> <span class='ocrx_word' id='word_1_10' title='bbox 286 385 322 447; x_wconf 90' lang='lat' dir='ltr'><strong>in</strong></span> <span class='ocrx_word' id='word_1_11' title='bbox 352 382 464 447; x_wconf 84' lang='lat' dir='ltr'><strong>Gallia</strong></span> <span class='ocrx_word' id='word_1_12' title='bbox 492 385 644 448; x_wconf 78' lang='lat' dir='ltr'><strong>citeriore</strong></span> <span class='ocrx_word' id='word_1_13' title='bbox 671 384 825 468; x_wconf 79' lang='lat' dir='ltr'><strong>proximo</strong></span> <span class='ocrx_word' id='word_1_14' title='bbox 852 384 1099 466; x_wconf 73' lang='lat' dir='ltr'><strong>comuipserat,</strong></span> 
     </span>
     <span class='ocr_line' id='line_1_4' title="bbox 175 482 1107 559; baseline -0.003 -12"><span class='ocrx_word' id='word_1_15' title='bbox 175 483 288 548; x_wconf 73' lang='lat' dir='ltr'><strong>omnia</strong></span> <span class='ocrx_word' id='word_1_16' title='bbox 307 483 435 547; x_wconf 72' lang='lat' dir='ltr'><strong>auxssia</strong></span> <span class='ocrx_word' id='word_1_17' title='bbox 455 484 629 559; x_wconf 75' lang='lat' dir='ltr'><strong>conlocari,</strong></span> <span class='ocrx_word' id='word_1_18' title='bbox 642 485 787 546; x_wconf 79' lang='lat' dir='ltr'><strong>sarcinas</strong></span> <span class='ocrx_word' id='word_1_19' title='bbox 800 484 837 546; x_wconf 90' lang='lat' dir='ltr'><strong>in</strong></span> <span class='ocrx_word' id='word_1_20' title='bbox 850 505 955 545; x_wconf 89' lang='lat' dir='ltr'><strong>unum</strong></span> <span class='ocrx_word' id='word_1_21' title='bbox 964 482 1073 545; x_wconf 86' lang='lat' dir='ltr'><strong>locum</strong></span> <span class='ocrx_word' id='word_1_22' title='bbox 1088 504 1107 545; x_wconf 90' lang='lat' dir='ltr'><strong>o</strong></span> 
     </span>
     <span class='ocr_line' id='line_1_5' title="bbox 176 582 1107 667; baseline -0.002 -21"><span class='ocrx_word' id='word_1_23' title='bbox 176 583 268 658; x_wconf 79' lang='lat' dir='ltr'><strong>ferri,</strong></span> <span class='ocrx_word' id='word_1_24' title='bbox 281 598 318 646; x_wconf 84' lang='lat' dir='ltr'><strong>et</strong></span> <span class='ocrx_word' id='word_1_25' title='bbox 339 604 416 645; x_wconf 82' lang='lat' dir='ltr'><strong>eum</strong></span> <span class='ocrx_word' id='word_1_26' title='bbox 438 582 483 645; x_wconf 85' lang='lat' dir='ltr'><strong>ab</strong></span> <span class='ocrx_word' id='word_1_27' title='bbox 496 584 539 645; x_wconf 84' lang='lat' dir='ltr'><strong>iis</strong></span> <span class='ocrx_word' id='word_1_28' title='bbox 552 583 610 666; x_wconf 88' lang='lat' dir='ltr'><strong>qui</strong></span> <span class='ocrx_word' id='word_1_29' title='bbox 623 584 660 646; x_wconf 89' lang='lat' dir='ltr'><strong>in</strong></span> <span class='ocrx_word' id='word_1_30' title='bbox 675 585 845 667; x_wconf 70' lang='lat' dir='ltr'>superiore</span> <span class='ocrx_word' id='word_1_31' title='bbox 858 584 929 645; x_wconf 80' lang='lat' dir='ltr'><strong>anie</strong></span> <span class='ocrx_word' id='word_1_32' title='bbox 942 582 1107 644; x_wconf 68' lang='lat' dir='ltr'><strong>constitere</strong></span> 
     </span>
     <span class='ocr_line' id='line_1_6' title="bbox 144 681 1094 751; baseline 0 -7"><span class='ocrx_word' id='word_1_33' title='bbox 144 683 299 751; x_wconf 73' lang='lat' dir='ltr'><strong>smuniri</strong></span> <span class='ocrx_word' id='word_1_34' title='bbox 325 683 431 745; x_wconf 81' lang='lat' dir='ltr'><strong>iussit.</strong></span> <span class='ocrx_word' id='word_1_35' title='bbox 476 682 626 746; x_wconf 69' lang='lat' dir='ltr'><strong>Helvetii</strong></span> <span class='ocrx_word' id='word_1_36' title='bbox 640 705 718 745; x_wconf 84' lang='lat' dir='ltr'><strong>eum</strong></span> <span class='ocrx_word' id='word_1_37' title='bbox 731 682 887 745; x_wconf 82' lang='lat' dir='ltr'><strong>omnibus</strong></span> <span class='ocrx_word' id='word_1_38' title='bbox 904 682 973 744; x_wconf 83' lang='lat' dir='ltr'><strong>suis</strong></span> <span class='ocrx_word' id='word_1_39' title='bbox 991 681 1094 744; x_wconf 73' lang='lat' dir='ltr'><strong>‹arris</strong></span> 
     </span>
     <span class='ocr_line' id='line_1_7' title="bbox 174 781 1107 867; baseline -0.004 -21"><span class='ocrx_word' id='word_1_40' title='bbox 174 783 244 846; x_wconf 82' lang='lat' dir='ltr'><strong>cuti</strong></span> <span class='ocrx_word' id='word_1_41' title='bbox 267 783 506 867; x_wconf 80' lang='lat' dir='ltr'><strong>impedimenta</strong></span> <span class='ocrx_word' id='word_1_42' title='bbox 525 784 560 845; x_wconf 93' lang='lat' dir='ltr'><strong>in</strong></span> <span class='ocrx_word' id='word_1_43' title='bbox 583 805 688 845; x_wconf 88' lang='lat' dir='ltr'><strong>uuum</strong></span> <span class='ocrx_word' id='word_1_44' title='bbox 712 784 820 846; x_wconf 85' lang='lat' dir='ltr'><strong>locum</strong></span> <span class='ocrx_word' id='word_1_45' title='bbox 844 782 1075 855; x_wconf 74' lang='lat' dir='ltr'><strong>mtulerunt3</strong></span> <span class='ocrx_word' id='word_1_46' title='bbox 1096 781 1107 842; x_wconf 93' lang='lat' dir='ltr'><strong>i</strong></span> 
     </span>
     <span class='ocr_line' id='line_1_8' title="bbox 174 881 1107 966; baseline -0.002 -20"><span class='ocrx_word' id='word_1_47' title='bbox 174 882 414 946; x_wconf 68' lang='lat' dir='ltr'><strong>amiertimimi</strong></span> <span class='ocrx_word' id='word_1_48' title='bbox 440 884 512 947; x_wconf 79' lang='lat' dir='ltr'><strong>acie</strong></span> <span class='ocrx_word' id='word_1_49' title='bbox 534 883 658 945; x_wconf 88' lang='lat' dir='ltr'><strong>reiecto</strong></span> <span class='ocrx_word' id='word_1_50' title='bbox 679 898 791 945; x_wconf 84' lang='lat' dir='ltr'><strong>nostro</strong></span> <span class='ocrx_word' id='word_1_51' title='bbox 813 884 974 966; x_wconf 71' lang='lat' dir='ltr'><strong>equitatu,</strong></span> <span class='ocrx_word' id='word_1_52' title='bbox 995 881 1107 966; x_wconf 82' lang='lat' dir='ltr'><strong>phalar</strong></span> 
     </span>
     <span class='ocr_line' id='line_1_9' title="bbox 173 981 1044 1067; baseline -0.002 -22"><span class='ocrx_word' id='word_1_53' title='bbox 173 981 275 1058; x_wconf 69' lang='lat' dir='ltr'><strong>lacti,</strong></span> <span class='ocrx_word' id='word_1_54' title='bbox 290 983 354 1046; x_wconf 92' lang='lat' dir='ltr'><strong>sub</strong></span> <span class='ocrx_word' id='word_1_55' title='bbox 368 983 510 1067; x_wconf 85' lang='lat' dir='ltr'><strong>primam</strong></span> <span class='ocrx_word' id='word_1_56' title='bbox 524 991 672 1046; x_wconf 80' lang='lat' dir='ltr'><strong>nostram</strong></span> <span class='ocrx_word' id='word_1_57' title='bbox 687 983 792 1045; x_wconf 78' lang='lat' dir='ltr'><strong>aciem</strong></span> <span class='ocrx_word' id='word_1_58' title='bbox 807 991 1044 1045; x_wconf 60' lang='lat' dir='ltr'><strong>succeserunt.</strong></span> 
     </span>
     <span class='ocr_line' id='line_1_10' title="bbox 218 1083 1107 1168; baseline -0.004 -19"><span class='ocrx_word' id='word_1_59' title='bbox 218 1090 334 1149; x_wconf 84' lang='lat' dir='ltr'>XXV.</span> <span class='ocrx_word' id='word_1_60' title='bbox 365 1083 490 1147; x_wconf 84' lang='lat' dir='ltr'><strong>Caesar</strong></span> <span class='ocrx_word' id='word_1_61' title='bbox 503 1084 650 1168; x_wconf 91' lang='lat' dir='ltr'><strong>primum</strong></span> <span class='ocrx_word' id='word_1_62' title='bbox 663 1106 734 1160; x_wconf 79' lang='lat' dir='ltr'><strong>suo,</strong></span> <span class='ocrx_word' id='word_1_63' title='bbox 746 1083 866 1147; x_wconf 85' lang='lat' dir='ltr'><strong>deinde</strong></span> <span class='ocrx_word' id='word_1_64' title='bbox 877 1083 1023 1146; x_wconf 91' lang='lat' dir='ltr'><strong>omnium</strong></span> <span class='ocrx_word' id='word_1_65' title='bbox 1036 1105 1078 1145; x_wconf 85' lang='lat' dir='ltr'><strong>ex</strong></span> <span class='ocrx_word' id='word_1_66' title='bbox 1089 1105 1107 1145; x_wconf 90' lang='lat' dir='ltr'><strong>o</strong></span> 
     </span>
     <span class='ocr_line' id='line_1_11' title="bbox 132 1182 1107 1268; baseline -0.001 -21"><span class='ocrx_word' id='word_1_67' title='bbox 132 1191 291 1268; x_wconf 72' lang='lat' dir='ltr'><strong>suspectu</strong></span> <span class='ocrx_word' id='word_1_68' title='bbox 311 1184 449 1247; x_wconf 87' lang='lat' dir='ltr'><strong>remotis</strong></span> <span class='ocrx_word' id='word_1_69' title='bbox 476 1185 581 1266; x_wconf 86' lang='lat' dir='ltr'><strong>equis,</strong></span> <span class='ocrx_word' id='word_1_70' title='bbox 604 1193 645 1246; x_wconf 90' lang='lat' dir='ltr'><strong>ut</strong></span> <span class='ocrx_word' id='word_1_71' title='bbox 667 1192 809 1267; x_wconf 87' lang='lat' dir='ltr'><strong>aequato</strong></span> <span class='ocrx_word' id='word_1_72' title='bbox 837 1185 984 1246; x_wconf 84' lang='lat' dir='ltr'><strong>omniurn</strong></span> <span class='ocrx_word' id='word_1_73' title='bbox 1013 1182 1107 1267; x_wconf 81' lang='lat' dir='ltr'><strong>peric</strong></span> 
     </span>
     <span class='ocr_line' id='line_1_12' title="bbox 173 1282 1107 1396; baseline -0.001 -51"><span class='ocrx_word' id='word_1_74' title='bbox 173 1305 266 1368; x_wconf 86' lang='lat' dir='ltr'><strong>spem</strong></span> <span class='ocrx_word' id='word_1_75' title='bbox 292 1283 393 1367; x_wconf 84' lang='lat' dir='ltr'><strong>fugae</strong></span> <span class='ocrx_word' id='word_1_76' title='bbox 417 1283 560 1359; x_wconf 85' lang='lat' dir='ltr'><strong>tolleret,</strong></span> <span class='ocrx_word' id='word_1_77' title='bbox 582 1285 771 1346; x_wconf 74' lang='lat' dir='ltr'><strong>cohortatus</strong></span> <span class='ocrx_word' id='word_1_78' title='bbox 792 1305 869 1346; x_wconf 86' lang='lat' dir='ltr'><strong>suos</strong></span> <span class='ocrx_word' id='word_1_79' title='bbox 890 1282 1053 1396; x_wconf 79' lang='lat' dir='ltr'><strong>prpelium</strong></span> <span class='ocrx_word' id='word_1_80' title='bbox 1075 1303 1107 1345; x_wconf 75' lang='lat' dir='ltr'><strong>o&lt;</strong></span> 
     </span>
     <span class='ocr_line' id='line_1_13' title="bbox 173 1383 1107 1469; baseline -0.002 -23"><span class='ocrx_word' id='word_1_81' title='bbox 173 1383 277 1447; x_wconf 85' lang='lat' dir='ltr'><strong>misit</strong></span> <span class='ocrx_word' id='word_1_82' title='bbox 322 1383 450 1446; x_wconf 81' lang='lat' dir='ltr'><strong>Milites</strong></span> <span class='ocrx_word' id='word_1_83' title='bbox 464 1406 483 1446; x_wconf 90' lang='lat' dir='ltr'><strong>e</strong></span> <span class='ocrx_word' id='word_1_84' title='bbox 497 1385 569 1446; x_wconf 91' lang='lat' dir='ltr'><strong>loco</strong></span> <span class='ocrx_word' id='word_1_85' title='bbox 583 1385 750 1468; x_wconf 79' lang='lat' dir='ltr'><strong>superiore</strong></span> <span class='ocrx_word' id='word_1_86' title='bbox 764 1385 842 1469; x_wconf 90' lang='lat' dir='ltr'><strong>pilis</strong></span> <span class='ocrx_word' id='word_1_87' title='bbox 856 1384 964 1446; x_wconf 67' lang='lat' dir='ltr'><strong>mimis</strong></span> <span class='ocrx_word' id='word_1_88' title='bbox 977 1383 1075 1446; x_wconf 83' lang='lat' dir='ltr'><strong>facile</strong></span> <span class='ocrx_word' id='word_1_89' title='bbox 1091 1383 1107 1444; x_wconf 80' lang='lat' dir='ltr'>h</span> 
     </span>
     <span class='ocr_line' id='line_1_14' title="bbox 172 1483 1107 1569; baseline 0 -23"><span class='ocrx_word' id='word_1_90' title='bbox 172 1483 258 1546; x_wconf 88' lang='lat' dir='ltr'><strong>tium</strong></span> <span class='ocrx_word' id='word_1_91' title='bbox 281 1483 481 1568; x_wconf 84' lang='lat' dir='ltr'><strong>phalangem</strong></span> <span class='ocrx_word' id='word_1_92' title='bbox 505 1484 746 1569; x_wconf 71' lang='lat' dir='ltr'><strong>perfregerunt</strong></span> <span class='ocrx_word' id='word_1_93' title='bbox 792 1485 844 1548; x_wconf 86' lang='lat' dir='ltr'><strong>Ea</strong></span> <span class='ocrx_word' id='word_1_94' title='bbox 865 1485 1016 1558; x_wconf 68' lang='lat' dir='ltr'><strong>disiecti,</strong></span> <span class='ocrx_word' id='word_1_95' title='bbox 1040 1483 1107 1568; x_wconf 68' lang='lat' dir='ltr'><strong>glai</strong></span> 
     </span>
     <span class='ocr_line' id='line_1_15' title="bbox 173 1582 1107 1668; baseline -0.001 -23"><span class='ocrx_word' id='word_1_96' title='bbox 173 1582 374 1646; x_wconf 87' lang='lat' dir='ltr'><strong>destrictis</strong></span> <span class='ocrx_word' id='word_1_97' title='bbox 364 1604 399 1645; x_wconf 87' lang='lat' dir='ltr'><strong>ru</strong></span> <span class='ocrx_word' id='word_1_98' title='bbox 424 1605 480 1645; x_wconf 89' lang='lat' dir='ltr'><strong>cos</strong></span> <span class='ocrx_word' id='word_1_99' title='bbox 508 1584 671 1668; x_wconf 84' lang='lat' dir='ltr'><strong>impetum</strong></span> <span class='ocrx_word' id='word_1_100' title='bbox 699 1585 859 1647; x_wconf 79' lang='lat' dir='ltr'><strong>fecerunt</strong></span> <span class='ocrx_word' id='word_1_101' title='bbox 905 1583 1012 1647; x_wconf 91' lang='lat' dir='ltr'><strong>Gallis</strong></span> <span class='ocrx_word' id='word_1_102' title='bbox 1038 1605 1107 1668; x_wconf 76' lang='lat' dir='ltr'><strong>mag</strong></span> 
     </span>
     <span class='ocr_line' id='line_1_16' title="bbox 131 1681 1107 1768; baseline 0.003 -27"><span class='ocrx_word' id='word_1_103' title='bbox 131 1681 216 1752; x_wconf 75' lang='lat' dir='ltr'><strong>rsad</strong></span> <span class='ocrx_word' id='word_1_104' title='bbox 237 1704 384 1766; x_wconf 87' lang='lat' dir='ltr'><strong>pugnam</strong></span> <span class='ocrx_word' id='word_1_105' title='bbox 407 1690 480 1746; x_wconf 89' lang='lat' dir='ltr'><strong>erat</strong></span> <span class='ocrx_word' id='word_1_106' title='bbox 500 1683 749 1768; x_wconf 85' lang='lat' dir='ltr'><strong>impedimento,</strong></span> <span class='ocrx_word' id='word_1_107' title='bbox 764 1684 853 1767; x_wconf 92' lang='lat' dir='ltr'><strong>quod</strong></span> <span class='ocrx_word' id='word_1_108' title='bbox 873 1682 1025 1768; x_wconf 80' lang='lat' dir='ltr'><strong>pluribus</strong></span> <span class='ocrx_word' id='word_1_109' title='bbox 1045 1704 1107 1745; x_wconf 84' lang='lat' dir='ltr'><strong>eon</strong></span> 
     </span>
     <span class='ocr_line' id='line_1_17' title="bbox 171 1782 1107 1867; baseline 0 -23"><span class='ocrx_word' id='word_1_110' title='bbox 171 1782 273 1844; x_wconf 84' lang='lat' dir='ltr'><strong>scutis</strong></span> <span class='ocrx_word' id='word_1_111' title='bbox 294 1803 362 1845; x_wconf 90' lang='lat' dir='ltr'><strong>uno</strong></span> <span class='ocrx_word' id='word_1_112' title='bbox 383 1782 452 1845; x_wconf 88' lang='lat' dir='ltr'><strong>ictu</strong></span> <span class='ocrx_word' id='word_1_113' title='bbox 473 1783 615 1867; x_wconf 90' lang='lat' dir='ltr'><strong>pilorum</strong></span> <span class='ocrx_word' id='word_1_114' title='bbox 638 1783 806 1846; x_wconf 82' lang='lat' dir='ltr'><strong>transfixis</strong></span> <span class='ocrx_word' id='word_1_115' title='bbox 827 1792 862 1846; x_wconf 91' lang='lat' dir='ltr'><strong>et</strong></span> <span class='ocrx_word' id='word_1_116' title='bbox 881 1782 1067 1866; x_wconf 84' lang='lat' dir='ltr'><strong>conligatis,</strong></span> <span class='ocrx_word' id='word_1_117' title='bbox 1083 1804 1107 1846; x_wconf 76' lang='lat' dir='ltr'><strong>ct</strong></span> 
     </span>
     <span class='ocr_line' id='line_1_18' title="bbox 172 1881 1106 1966; baseline 0.001 -22"><span class='ocrx_word' id='word_1_118' title='bbox 172 1881 296 1945; x_wconf 86' lang='lat' dir='ltr'><strong>ferrum</strong></span> <span class='ocrx_word' id='word_1_119' title='bbox 323 1904 358 1945; x_wconf 86' lang='lat' dir='ltr'><strong>se</strong></span> <span class='ocrx_word' id='word_1_120' title='bbox 383 1882 576 1964; x_wconf 69' lang='lat' dir='ltr'><strong>inflexisset¹</strong></span> <span class='ocrx_word' id='word_1_121' title='bbox 599 1905 707 1966; x_wconf 89' lang='lat' dir='ltr'><strong>neque</strong></span> <span class='ocrx_word' id='word_1_122' title='bbox 729 1884 871 1947; x_wconf 81' lang='lat' dir='ltr'><strong>evellere</strong></span> <span class='ocrx_word' id='word_1_123' title='bbox 894 1905 1001 1965; x_wconf 89' lang='lat' dir='ltr'><strong>neque</strong></span> <span class='ocrx_word' id='word_1_124' title='bbox 1023 1883 1106 1945; x_wconf 87' lang='lat' dir='ltr'><strong>sinis</strong></span> 
     </span>
     <span class='ocr_line' id='line_1_19' title="bbox 172 1981 1094 2068; baseline 0 -23"><span class='ocrx_word' id='word_1_125' title='bbox 172 1981 333 2066; x_wconf 72' lang='lat' dir='ltr'><strong>impediet</strong></span> <span class='ocrx_word' id='word_1_126' title='bbox 355 1983 436 2045; x_wconf 86' lang='lat' dir='ltr'><strong>satis</strong></span> <span class='ocrx_word' id='word_1_127' title='bbox 459 1982 629 2045; x_wconf 83' lang='lat' dir='ltr'><strong>commode</strong></span> <span class='ocrx_word' id='word_1_128' title='bbox 652 2004 800 2066; x_wconf 80' lang='lat' dir='ltr'><strong>pugnare</strong></span> <span class='ocrx_word' id='word_1_129' title='bbox 816 1992 980 2068; x_wconf 80' lang='lat' dir='ltr'><strong>poterant,</strong></span> <span class='ocrx_word' id='word_1_130' title='bbox 997 1983 1094 2045; x_wconf 83' lang='lat' dir='ltr'><strong>multi</strong></span> 
     </span>
     <span class='ocr_line' id='line_1_20' title="bbox 171 2080 1107 2166; baseline 0.001 -23"><span class='ocrx_word' id='word_1_131' title='bbox 171 2080 230 2144; x_wconf 86' lang='lat' dir='ltr'><strong>diu</strong></span> <span class='ocrx_word' id='word_1_132' title='bbox 244 2081 367 2145; x_wconf 82' lang='lat' dir='ltr'><strong>iactato</strong></span> <span class='ocrx_word' id='word_1_133' title='bbox 381 2080 546 2155; x_wconf 80' lang='lat' dir='ltr'><strong>bracchio,</strong></span> <span class='ocrx_word' id='word_1_134' title='bbox 559 2089 794 2166; x_wconf 79' lang='lat' dir='ltr'><strong>praeoptarent</strong></span> <span class='ocrx_word' id='word_1_135' title='bbox 808 2093 937 2146; x_wconf 83' lang='lat' dir='ltr'><strong>scutum</strong></span> <span class='ocrx_word' id='word_1_136' title='bbox 953 2103 1055 2144; x_wconf 91' lang='lat' dir='ltr'><strong>manu</strong></span> <span class='ocrx_word' id='word_1_137' title='bbox 1067 2103 1107 2144; x_wconf 90' lang='lat' dir='ltr'><strong>en</strong></span> 
     </span>
     <span class='ocr_line' id='line_1_21' title="bbox 135 2180 1107 2267; baseline -0.002 -21"><span class='ocrx_word' id='word_1_138' title='bbox 135 2187 244 2246; x_wconf 72' lang='lat' dir='ltr'><strong>sotere</strong></span> <span class='ocrx_word' id='word_1_139' title='bbox 261 2190 297 2243; x_wconf 87' lang='lat' dir='ltr'><strong>et</strong></span> <span class='ocrx_word' id='word_1_140' title='bbox 318 2180 407 2242; x_wconf 90' lang='lat' dir='ltr'><strong>nudo</strong></span> <span class='ocrx_word' id='word_1_141' title='bbox 428 2203 565 2266; x_wconf 85' lang='lat' dir='ltr'><strong>corpore</strong></span> <span class='ocrx_word' id='word_1_142' title='bbox 587 2204 745 2267; x_wconf 86' lang='lat' dir='ltr'><strong>pugnare.</strong></span> <span class='ocrx_word' id='word_1_143' title='bbox 791 2183 940 2246; x_wconf 83' lang='lat' dir='ltr'><strong>Tandem</strong></span> <span class='ocrx_word' id='word_1_144' title='bbox 963 2181 1107 2245; x_wconf 85' lang='lat' dir='ltr'><strong>vulneril</strong></span> 
     </span>
     <span class='ocr_line' id='line_1_22' title="bbox 172 2270 1107 2365; baseline 0.001 -23"><span class='ocrx_word' id='word_1_145' title='bbox 172 2279 300 2356; x_wconf 78' lang='lat' dir='ltr'><strong>defessi,</strong></span> <span class='ocrx_word' id='word_1_146' title='bbox 316 2287 351 2342; x_wconf 86' lang='lat' dir='ltr'><strong>et</strong></span> <span class='ocrx_word' id='word_1_147' title='bbox 361 2270 477 2363; x_wconf 87' lang='lat' dir='ltr'><strong>pedem</strong></span> <span class='ocrx_word' id='word_1_148' title='bbox 491 2281 613 2344; x_wconf 82' lang='lat' dir='ltr'><strong>referre</strong></span> <span class='ocrx_word' id='word_1_149' title='bbox 628 2290 672 2357; x_wconf 74' lang='lat' dir='ltr'><strong>et,</strong></span> <span class='ocrx_word' id='word_1_150' title='bbox 688 2283 775 2365; x_wconf 93' lang='lat' dir='ltr'><strong>quod</strong></span> <span class='ocrx_word' id='word_1_151' title='bbox 790 2305 883 2345; x_wconf 85' lang='lat' dir='ltr'><strong>mons</strong></span> <span class='ocrx_word' id='word_1_152' title='bbox 894 2281 1010 2345; x_wconf 85' lang='lat' dir='ltr'><strong>aberat</strong></span> <span class='ocrx_word' id='word_1_153' title='bbox 1025 2281 1107 2344; x_wconf 83' lang='lat' dir='ltr'><strong>circi</strong></span> 
     </span>
     <span class='ocr_line' id='line_1_23' title="bbox 172 2379 1107 2466; baseline 0.002 -24"><span class='ocrx_word' id='word_1_154' title='bbox 172 2379 266 2443; x_wconf 89' lang='lat' dir='ltr'><strong>mille</strong></span> <span class='ocrx_word' id='word_1_155' title='bbox 279 2385 406 2464; x_wconf 78' lang='lat' dir='ltr'><strong>passus,</strong></span> <span class='ocrx_word' id='word_1_156' title='bbox 422 2401 461 2443; x_wconf 90' lang='lat' dir='ltr'><strong>eo</strong></span> <span class='ocrx_word' id='word_1_157' title='bbox 475 2402 510 2443; x_wconf 86' lang='lat' dir='ltr'><strong>se</strong></span> <span class='ocrx_word' id='word_1_158' title='bbox 524 2381 670 2466; x_wconf 84' lang='lat' dir='ltr'><strong>recipere</strong></span> <span class='ocrx_word' id='word_1_159' title='bbox 688 2390 878 2466; x_wconf 77' lang='lat' dir='ltr'><strong>coeperunt</strong></span> <span class='ocrx_word' id='word_1_160' title='bbox 924 2381 1032 2466; x_wconf 87' lang='lat' dir='ltr'><strong>Capto</strong></span> <span class='ocrx_word' id='word_1_161' title='bbox 1045 2403 1107 2444; x_wconf 80' lang='lat' dir='ltr'><strong>moi</strong></span> 
     </span>
     <span class='ocr_line' id='line_1_24' title="bbox 170 2479 1107 2566; baseline 0.002 -24"><span class='ocrx_word' id='word_1_162' title='bbox 170 2488 207 2543; x_wconf 87' lang='lat' dir='ltr'><strong>et</strong></span> <span class='ocrx_word' id='word_1_163' title='bbox 227 2479 478 2544; x_wconf 84' lang='lat' dir='ltr'><strong>succedentibus</strong></span> <span class='ocrx_word' id='word_1_164' title='bbox 501 2481 634 2556; x_wconf 87' lang='lat' dir='ltr'><strong>nostris,</strong></span> <span class='ocrx_word' id='word_1_165' title='bbox 659 2481 723 2544; x_wconf 92' lang='lat' dir='ltr'><strong>Boi</strong></span> <span class='ocrx_word' id='word_1_166' title='bbox 744 2491 780 2544; x_wconf 92' lang='lat' dir='ltr'><strong>et</strong></span> <span class='ocrx_word' id='word_1_167' title='bbox 802 2481 950 2566; x_wconf 84' lang='lat' dir='ltr'><strong>Tulingi,</strong></span> <span class='ocrx_word' id='word_1_168' title='bbox 973 2480 1030 2563; x_wconf 93' lang='lat' dir='ltr'><strong>qui</strong></span> <span class='ocrx_word' id='word_1_169' title='bbox 1054 2481 1107 2544; x_wconf 73' lang='lat' dir='ltr'><strong>hol</strong></span> 
     </span>
     <span class='ocr_line' id='line_1_25' title="bbox 208 2601 1084 2671; baseline 0.001 -15"><span class='ocrx_word' id='word_1_170' title='bbox 208 2609 232 2656; x_wconf 90' lang='lat'><strong>1.</strong></span> <span class='ocrx_word' id='word_1_171' title='bbox 250 2601 348 2657; x_wconf 78' lang='lat' dir='ltr'><strong>Ihsve</strong></span> <span class='ocrx_word' id='word_1_172' title='bbox 368 2605 483 2657; x_wconf 78' lang='lat' dir='ltr'><strong>omitted</strong></span> <span class='ocrx_word' id='word_1_173' title='bbox 499 2609 546 2657; x_wconf 76' lang='lat' dir='ltr'><strong>ltu</strong></span> <span class='ocrx_word' id='word_1_174' title='bbox 562 2613 712 2671; x_wconf 83' lang='lat' dir='ltr'><strong>utsupra</strong></span> <span class='ocrx_word' id='word_1_175' title='bbox 728 2622 763 2658; x_wconf 84' lang='lat' dir='ltr'><strong>se</strong></span> <span class='ocrx_word' id='word_1_176' title='bbox 776 2605 848 2658; x_wconf 78' lang='lat' dir='ltr'><strong>after</strong></span> <span class='ocrx_word' id='word_1_177' title='bbox 858 2613 1084 2659; x_wconf 74' lang='lat' dir='ltr'><strong>veteranarum</strong></span> 
     </span>
     <span class='ocr_line' id='line_1_26' title="bbox 170 2684 467 2757; baseline -0.003 -18"><span class='ocrx_word' id='word_1_178' title='bbox 170 2684 224 2739; x_wconf 80' lang='lat' dir='ltr'><strong>last</strong></span> <span class='ocrx_word' id='word_1_179' title='bbox 236 2695 300 2740; x_wconf 82' lang='lat' dir='ltr'><strong>note</strong></span> <span class='ocrx_word' id='word_1_180' title='bbox 312 2705 346 2739; x_wconf 94' lang='lat' dir='ltr'><strong>on</strong></span> <span class='ocrx_word' id='word_1_181' title='bbox 359 2705 429 2757; x_wconf 83' lang='lat' dir='ltr'><strong>page</strong></span> <span class='ocrx_word' id='word_1_182' title='bbox 442 2691 467 2739; x_wconf 88' lang='lat'><strong>8.</strong></span> 
     </span>
     <span class='ocr_line' id='line_1_27' title="bbox 209 2769 1103 2834; baseline 0.003 -13"><span class='ocrx_word' id='word_1_183' title='bbox 209 2775 231 2821; x_wconf 89' lang='lat'><strong>1.</strong></span> <span class='ocrx_word' id='word_1_184' title='bbox 251 2773 328 2822; x_wconf 73' lang='lat' dir='ltr'><strong>duas</strong></span> <span class='ocrx_word' id='word_1_185' title='bbox 341 2773 487 2834; x_wconf 74' lang='lat' dir='ltr'><strong>legiones</strong></span> <span class='ocrx_word' id='word_1_186' title='bbox 518 2769 578 2822; x_wconf 85' lang='lat' dir='ltr'><strong>The</strong></span> <span class='ocrx_word' id='word_1_187' title='bbox 599 2770 728 2823; x_wconf 87' lang='lat' dir='ltr'><strong>eleventh</strong></span> <span class='ocrx_word' id='word_1_188' title='bbox 749 2771 804 2823; x_wconf 90' lang='lat' dir='ltr'><strong>and</strong></span> <span class='ocrx_word' id='word_1_189' title='bbox 821 2769 937 2823; x_wconf 72' lang='lat' dir='ltr'><strong>twelftlu</strong></span> <span class='ocrx_word' id='word_1_190' title='bbox 975 2769 1018 2822; x_wconf 74' lang='lat' dir='ltr'><strong>cf.</strong></span> <span class='ocrx_word' id='word_1_191' title='bbox 1038 2779 1103 2824; x_wconf 83' lang='lat' dir='ltr'><strong>note</strong></span> 
     </span>
     <span class='ocr_line' id='line_1_28' title="bbox 170 2855 642 2923; baseline 0 -18"><span class='ocrx_word' id='word_1_192' title='bbox 170 2856 307 2918; x_wconf 75' lang='lat' dir='ltr'><strong>quinquo</strong></span> <span class='ocrx_word' id='word_1_193' title='bbox 317 2855 503 2918; x_wconf 77' lang='lat' dir='ltr'><strong>legionibus,</strong></span> <span class='ocrx_word' id='word_1_194' title='bbox 516 2870 586 2923; x_wconf 86' lang='lat' dir='ltr'><strong>page</strong></span> <span class='ocrx_word' id='word_1_195' title='bbox 601 2859 642 2905; x_wconf 78' lang='lat'><strong>17.</strong></span> 
     </span>
     <span class='ocr_line' id='line_1_29' title="bbox 207 2933 1107 3002; baseline 0.002 -16"><span class='ocrx_word' id='word_1_196' title='bbox 207 2939 231 2986; x_wconf 81' lang='grc'><strong>3.</strong></span> <span class='ocrx_word' id='word_1_197' title='bbox 253 2933 350 2987; x_wconf 77' lang='lat' dir='ltr'><strong>Ihsve</strong></span> <span class='ocrx_word' id='word_1_198' title='bbox 362 2935 475 2987; x_wconf 85' lang='lat' dir='ltr'><strong>omitted</strong></span> <span class='ocrx_word' id='word_1_199' title='bbox 488 2951 525 2987; x_wconf 81' lang='lat' dir='ltr'><strong>ao</strong></span> <span class='ocrx_word' id='word_1_200' title='bbox 538 2943 641 2988; x_wconf 84' lang='lat' dir='ltr'><strong>totum</strong></span> <span class='ocrx_word' id='word_1_201' title='bbox 653 2943 791 2989; x_wconf 84' lang='lat' dir='ltr'><strong>montem</strong></span> <span class='ocrx_word' id='word_1_202' title='bbox 807 2939 985 2989; x_wconf 80' lang='lat' dir='ltr'><strong>hominibus</strong></span> <span class='ocrx_word' id='word_1_203' title='bbox 1004 2938 1107 3002; x_wconf 82' lang='lat' dir='ltr'><strong>compl</strong></span> 
     </span>
    </p>
   </div>
   <div class='ocr_carea' id='block_1_3' title="bbox 169 3017 989 3091">
    <p class='ocr_par' dir='ltr' id='par_1_3' title="bbox 169 3017 989 3091">
     <span class='ocr_line' id='line_1_30' title="bbox 169 3017 989 3091; baseline 0 -22"><span class='ocrx_word' id='word_1_204' title='bbox 169 3023 203 3069; x_wconf 77' lang='lat' dir='ltr'><strong>et</strong></span> <span class='ocrx_word' id='word_1_205' title='bbox 214 3020 334 3070; x_wconf 80' lang='lat' dir='ltr'><strong>interea</strong></span> <span class='ocrx_word' id='word_1_206' title='bbox 347 3017 418 3070; x_wconf 80' lang='lat' dir='ltr'><strong>after</strong></span> <span class='ocrx_word' id='word_1_207' title='bbox 430 3021 597 3070; x_wconf 68' lang='lat' dir='ltr'><strong>conlocari</strong></span> <span class='ocrx_word' id='word_1_208' title='bbox 635 3018 678 3072; x_wconf 82' lang='lat' dir='ltr'><strong>cf.</strong></span> <span class='ocrx_word' id='word_1_209' title='bbox 691 3018 745 3071; x_wconf 76' lang='lat' dir='ltr'><strong>lost</strong></span> <span class='ocrx_word' id='word_1_210' title='bbox 757 3028 820 3072; x_wconf 85' lang='lat' dir='ltr'><strong>note</strong></span> <span class='ocrx_word' id='word_1_211' title='bbox 833 3037 868 3072; x_wconf 94' lang='lat' dir='ltr'><strong>on</strong></span> <span class='ocrx_word' id='word_1_212' title='bbox 881 3036 950 3091; x_wconf 83' lang='lat' dir='ltr'><strong>page</strong></span> <span class='ocrx_word' id='word_1_213' title='bbox 963 3023 989 3070; x_wconf 86' lang='lat'><strong>8.</strong></span> 
     </span>
    </p>
   </div>
   <div class='ocr_carea' id='block_1_4' title="bbox 170 3099 1107 3234">
    <p class='ocr_par' dir='ltr' id='par_1_4' title="bbox 170 3099 1107 3234">
     <span class='ocr_line' id='line_1_31' title="bbox 170 3099 1107 3234; baseline 0.004 -82"><span class='ocrx_word' id='word_1_214' title='bbox 170 3104 231 3234; x_wconf 68' lang='lat' dir='ltr'><strong>m?</strong></span> <span class='ocrx_word' id='word_1_215' title='bbox 249 3101 405 3165; x_wconf 74' lang='lat' dir='ltr'><strong>phalange.</strong></span> <span class='ocrx_word' id='word_1_216' title='bbox 453 3099 508 3153; x_wconf 83' lang='lat' dir='ltr'><strong>For</strong></span> <span class='ocrx_word' id='word_1_217' title='bbox 520 3118 555 3153; x_wconf 83' lang='lat' dir='ltr'><strong>au</strong></span> <span class='ocrx_word' id='word_1_218' title='bbox 568 3109 687 3155; x_wconf 83' lang='lat' dir='ltr'><strong>account</strong></span> <span class='ocrx_word' id='word_1_219' title='bbox 698 3102 728 3155; x_wconf 82' lang='lat' dir='ltr'><strong>of</strong></span> <span class='ocrx_word' id='word_1_220' title='bbox 739 3103 786 3154; x_wconf 88' lang='lat' dir='ltr'><strong>the</strong></span> <span class='ocrx_word' id='word_1_221' title='bbox 798 3101 932 3172; x_wconf 78' lang='lat' dir='ltr'><strong>phalanx,</strong></span> <span class='ocrx_word' id='word_1_222' title='bbox 946 3118 991 3154; x_wconf 89' lang='lat' dir='ltr'><strong>see</strong></span> <span class='ocrx_word' id='word_1_223' title='bbox 1004 3102 1107 3174; x_wconf 83' lang='lat' dir='ltr'><strong>Appen</strong></span> 
     </span>
    </p>
   </div>
   <div class='ocr_carea' id='block_1_5' title="bbox 169 3264 1107 3587">
    <p class='ocr_par' dir='ltr' id='par_1_5' title="bbox 207 3264 1107 3331">
     <span class='ocr_line' id='line_1_32' title="bbox 207 3264 1107 3331; baseline 0.006 -13"><span class='ocrx_word' id='word_1_224' title='bbox 207 3269 248 3318; x_wconf 84' lang='lat'><strong>10.</strong></span> <span class='ocrx_word' id='word_1_225' title='bbox 266 3269 412 3319; x_wconf 77' lang='lat' dir='ltr'><strong>omnium.</strong></span> <span class='ocrx_word' id='word_1_226' title='bbox 443 3265 512 3318; x_wconf 83' lang='lat' dir='ltr'><strong>This</strong></span> <span class='ocrx_word' id='word_1_227' title='bbox 524 3267 619 3331; x_wconf 81' lang='lat' dir='ltr'><strong>refers,</strong></span> <span class='ocrx_word' id='word_1_228' title='bbox 632 3267 662 3320; x_wconf 81' lang='lat' dir='ltr'><strong>of</strong></span> <span class='ocrx_word' id='word_1_229' title='bbox 672 3285 776 3331; x_wconf 85' lang='lat' dir='ltr'><strong>course,</strong></span> <span class='ocrx_word' id='word_1_230' title='bbox 788 3276 817 3320; x_wconf 88' lang='lat' dir='ltr'><strong>to</strong></span> <span class='ocrx_word' id='word_1_231' title='bbox 829 3267 873 3319; x_wconf 89' lang='lat' dir='ltr'><strong>his</strong></span> <span class='ocrx_word' id='word_1_232' title='bbox 885 3267 990 3322; x_wconf 88' lang='lat' dir='ltr'><strong>officers</strong></span> <span class='ocrx_word' id='word_1_233' title='bbox 1002 3267 1059 3320; x_wconf 85' lang='lat' dir='ltr'><strong>and</strong></span> <span class='ocrx_word' id='word_1_234' title='bbox 1073 3264 1107 3323; x_wconf 63' lang='lat' dir='ltr'><strong>ol</strong></span> 
     </span>
    </p>

    <p class='ocr_par' dir='ltr' id='par_1_6' title="bbox 169 3349 1107 3587">
     <span class='ocr_line' id='line_1_33' title="bbox 169 3349 932 3420; baseline 0.001 -19"><span class='ocrx_word' id='word_1_235' title='bbox 169 3349 298 3402; x_wconf 87' lang='lat' dir='ltr'><strong>mounted</strong></span> <span class='ocrx_word' id='word_1_236' title='bbox 310 3366 372 3402; x_wconf 89' lang='lat' dir='ltr'><strong>men</strong></span> <span class='ocrx_word' id='word_1_237' title='bbox 385 3349 414 3402; x_wconf 79' lang='lat' dir='ltr'><strong>of</strong></span> <span class='ocrx_word' id='word_1_238' title='bbox 426 3349 469 3402; x_wconf 89' lang='lat' dir='ltr'><strong>his</strong></span> <span class='ocrx_word' id='word_1_239' title='bbox 481 3349 554 3413; x_wconf 83' lang='lat' dir='ltr'><strong>staff,</strong></span> <span class='ocrx_word' id='word_1_240' title='bbox 567 3357 615 3402; x_wconf 87' lang='lat' dir='ltr'><strong>not</strong></span> <span class='ocrx_word' id='word_1_241' title='bbox 626 3358 655 3402; x_wconf 88' lang='lat' dir='ltr'><strong>to</strong></span> <span class='ocrx_word' id='word_1_242' title='bbox 666 3350 714 3403; x_wconf 85' lang='lat' dir='ltr'><strong>the</strong></span> <span class='ocrx_word' id='word_1_243' title='bbox 726 3351 838 3420; x_wconf 78' lang='lat' dir='ltr'><strong>cavalry</strong></span> <span class='ocrx_word' id='word_1_244' title='bbox 849 3350 932 3403; x_wconf 86' lang='lat' dir='ltr'><strong>itself.</strong></span> 
     </span>
     <span class='ocr_line' id='line_1_34' title="bbox 205 3431 1107 3503; baseline 0.003 -19"><span class='ocrx_word' id='word_1_245' title='bbox 205 3436 247 3484; x_wconf 77' lang='lat'><strong>21.</strong></span> <span class='ocrx_word' id='word_1_246' title='bbox 264 3435 377 3498; x_wconf 76' lang='lat' dir='ltr'><strong>pedem</strong></span> <span class='ocrx_word' id='word_1_247' title='bbox 388 3435 510 3486; x_wconf 73' lang='lat' dir='ltr'><strong>reterre.</strong></span> <span class='ocrx_word' id='word_1_248' title='bbox 541 3431 639 3486; x_wconf 85' lang='lat' dir='ltr'><strong>Notioe</strong></span> <span class='ocrx_word' id='word_1_249' title='bbox 651 3432 712 3486; x_wconf 84' lang='lat' dir='ltr'><strong>that</strong></span> <span class='ocrx_word' id='word_1_250' title='bbox 723 3433 778 3486; x_wconf 84' lang='lat' dir='ltr'><strong>this</strong></span> <span class='ocrx_word' id='word_1_251' title='bbox 790 3435 948 3503; x_wconf 84' lang='lat' dir='ltr'><strong>expression</strong></span> <span class='ocrx_word' id='word_1_252' title='bbox 961 3434 984 3486; x_wconf 87' lang='lat' dir='ltr'><strong>is</strong></span> <span class='ocrx_word' id='word_1_253' title='bbox 999 3439 1049 3487; x_wconf 81' lang='lat' dir='ltr'><strong>not</strong></span> <span class='ocrx_word' id='word_1_254' title='bbox 1064 3439 1107 3503; x_wconf 66' lang='lat' dir='ltr'><strong>tet</strong></span> 
     </span>
     <span class='ocr_line' id='line_1_35' title="bbox 270 3514 1107 3587; baseline 0.002 -19"><span class='ocrx_word' id='word_1_255' title='bbox 270 3529 297 3568; x_wconf 80' lang='grc' dir='ltr'><strong>ο.</strong></span> <span class='ocrx_word' id='word_1_256' title='bbox 335 3514 415 3586; x_wconf 78' lang='lat' dir='ltr'><strong>They</strong></span> <span class='ocrx_word' id='word_1_257' title='bbox 423 3515 460 3568; x_wconf 90' lang='lat' dir='ltr'><strong>do</strong></span> <span class='ocrx_word' id='word_1_258' title='bbox 472 3523 520 3568; x_wconf 91' lang='lat' dir='ltr'><strong>not</strong></span> <span class='ocrx_word' id='word_1_259' title='bbox 531 3515 577 3587; x_wconf 87' lang='lat' dir='ltr'><strong>fly,</strong></span> <span class='ocrx_word' id='word_1_260' title='bbox 589 3516 638 3569; x_wconf 90' lang='lat' dir='ltr'><strong>but</strong></span> <span class='ocrx_word' id='word_1_261' title='bbox 650 3517 725 3568; x_wconf 80' lang='lat' dir='ltr'><strong>draw</strong></span> <span class='ocrx_word' id='word_1_262' title='bbox 736 3514 809 3570; x_wconf 83' lang='lat' dir='ltr'><strong>back</strong></span> <span class='ocrx_word' id='word_1_263' title='bbox 821 3518 851 3569; x_wconf 92' lang='lat' dir='ltr'><strong>in</strong></span> <span class='ocrx_word' id='word_1_264' title='bbox 863 3518 934 3586; x_wconf 85' lang='lat' dir='ltr'><strong>good</strong></span> <span class='ocrx_word' id='word_1_265' title='bbox 946 3517 1035 3571; x_wconf 87' lang='lat' dir='ltr'><strong>order.</strong></span> <span class='ocrx_word' id='word_1_266' title='bbox 1099 3514 1107 3554; x_wconf 63' lang='grc' dir='ltr'><strong><em>ἕ</em></strong></span> 
     </span>
    </p>
   </div>
   <div class='ocr_carea' id='block_1_6' title="bbox 230 3586 1107 3691">
    <p class='ocr_par' dir='ltr' id='par_1_7' title="bbox 230 3586 1107 3691">
     <span class='ocr_line' id='line_1_36' title="bbox 230 3586 1107 3691; baseline -0.001 -36"><span class='ocrx_word' id='word_1_267' title='bbox 230 3596 386 3666; x_wconf 54' lang='lat' dir='ltr'><strong>hum</strong></span> <span class='ocrx_word' id='word_1_268' title='bbox 419 3597 646 3674; x_wconf 81' lang='lat' dir='ltr'><strong>SeeAppendix</strong></span> <span class='ocrx_word' id='word_1_269' title='bbox 655 3598 683 3654; x_wconf 88' lang='grc'><strong>1.</strong></span> <span class='ocrx_word' id='word_1_270' title='bbox 1081 3586 1107 3691; x_wconf 67' lang='grc' dir='ltr'><strong>*Ξ</strong></span> 
     </span>
    </p>
   </div>
   <div class='ocr_carea' id='block_1_7' title="bbox 1079 3738 1107 3805">
    <p class='ocr_par' dir='ltr' id='par_1_8' title="bbox 1079 3738 1107 3805">
     <span class='ocr_line' id='line_1_37' title="bbox 1079 3738 1107 3805; baseline 0 0"><span class='ocrx_word' id='word_1_271' title='bbox 1079 3738 1107 3805; x_wconf 66' lang='lat' dir='ltr'><strong>[a‘</strong></span> 
     </span>
    </p>
   </div>
   <div class='ocr_carea' id='block_1_8' title="bbox 0 0 1174 3846">
    <p class='ocr_par' dir='ltr' id='par_1_9' title="bbox 0 0 1174 3846">
     <span class='ocr_line' id='line_1_38' title="bbox 0 0 1174 3846; baseline 0 0"><span class='ocrx_word' id='word_1_272' title='bbox 0 0 1174 3846; x_wconf 95' lang='lat' dir='ltr'><strong> </strong></span> 
     </span>
    </p>
   </div>
  </div>
 </body>
</html>
