2392 3856
118 135 162 202 48
288 180 291 185 ·
502 146 626 201 ΒΕΖΗ
648 147 772 202 GALLI
772 146 815 201 CI
860 210 866 220 ,

164 298 203 355 ut
217 289 416 377 praesidium
432 311 531 373 quam
555 289 799 366 amicissimum,
817 289 844 353 si
859 290 939 374 quid
954 311 1036 374 opus
1059 289 1148 354 facto

165 401 261 469 esset,
292 391 438 456 haberet.
496 389 593 469 Quod
626 413 702 455 cum
735 392 838 468 fieret,
870 413 936 455 non
974 391 1149 455 inridicule

166 493 298 577 quidam
326 512 368 554 ex
395 489 554 554 militibus
580 491 624 555 X.
647 491 784 576 legionis
809 491 917 555 dixit:
950 491 1024 576 plus
1048 512 1148 574 quam

165 591 332 677 pollicitus
363 598 449 654 esset
475 590 649 656 caesarem
680 592 806 655 facere:
838 590 1020 675 pollicitum
1046 613 1082 655 se
1112 591 1147 654 in

135 691 308 765 scohortis
330 690 513 775 praetoriae
535 691 608 764 loco
630 691 675 754 X.
700 689 864 776 legionem
887 690 1082 754 habiturum
1105 690 1148 755 ad

165 813 285 874 equum
301 789 485 854 rescribere.

209 896 333 954 XLIII.
367 888 527 953 Planities
540 897 611 953 erat
626 910 747 974 magua
765 897 800 954 et
815 889 848 952 in
867 896 906 953 ed
921 889 1069 953 tumulus
1084 896 1147 953 ter-

115 994 117 1000 ’
164 1011 271 1067 renus,
288 988 367 1052 satis
386 988 529 1072 grandis.
576 987 641 1051 Hic
655 989 745 1052 locus
760 1010 901 1072 aequum
916 989 987 1052 iere
1002 989 1147 1073 spatium

165 1111 185 1153 a
207 1088 321 1152 castris
343 1088 504 1152 Ariovisti
527 1094 561 1150 et
584 1086 735 1152 Caesaris
758 1088 883 1152 aberat.
930 1088 990 1166 Eo,
1014 1097 1053 1152 ut
1075 1095 1148 1152 erat

123 1188 300 1266 mdiorum,
317 1188 359 1251 ad
375 1186 582 1270 conloquium
597 1194 769 1251 venerunt.
815 1188 994 1271 Legionem
1015 1187 1148 1267 Caesar,

165 1309 263 1371 quam
290 1287 381 1371 equis
406 1287 595 1364 devexerat,
623 1285 773 1372 passibus
799 1286 857 1351 00
885 1287 927 1350 ab
953 1309 992 1351 eo
1018 1289 1149 1352 tumulo
1192 1370 1194 1379 Ι

164 1387 343 1452 constituit.
401 1386 487 1449 Item
520 1386 646 1469 equites
676 1386 842 1450 Ariovisti
871 1387 943 1471 pari
972 1387 1149 1476 intervallo
1192 1392 1194 1461 ἔ

165 1487 395 1552 constiterunt.
440 1485 629 1550 Ariovistus
643 1508 685 1551 ex
700 1487 792 1571 equis
814 1492 852 1550 ut
874 1487 1149 1570 conloquerentur

165 1593 198 1649 et
212 1592 343 1670 praeter
363 1586 517 1649 sedenos
536 1586 578 1650 ad
597 1585 806 1670 conloquium
821 1586 1023 1651 adducerent
1038 1595 1149 1671 postu-

123 1700 153 1751 ι5
164 1685 257 1749 lavit.
300 1685 370 1750 Ubi
385 1707 423 1750 eo
438 1693 649 1763 ventumst,
667 1686 789 1750 Caesar
804 1687 900 1750 initio
915 1686 1072 1751 orationis
1088 1709 1150 1752 sua

164 1790 361 1868 scuatsrsque
377 1785 412 1847 in
429 1807 504 1849 eum
521 1785 679 1850 beneficia
688 1785 968 1865 commemoravit,
985 1786 1072 1870 quod
1088 1808 1150 1850 rex

164 1884 349 1970 appellatus
368 1892 453 1948 esset
473 1907 493 1947 a
512 1892 639 1962 senatu,
656 1885 743 1967 quod
759 1885 892 1964 amicus,
908 1884 994 1969 quod
1010 1907 1150 1952 munera

164 1984 367 2069 amplissima
381 1984 498 2059 missa3
522 2004 621 2066 quam
641 2005 710 2046 rem
731 1991 764 2048 et
784 1985 896 2068 paucis
919 1985 1096 2068 contigisse
1114 1992 1151 2051 et

164 2105 224 2168 pro
250 2083 377 2169 maguis
398 2082 570 2146 hominum
597 2081 710 2146 officiis
732 2104 902 2147 consuesse
925 2082 1028 2146 tribui
1054 2083 1150 2149 doce·

121 2183 243 2259 20bat3
267 2182 372 2258 illum,
389 2203 464 2245 cum
488 2193 594 2265 neque
614 2181 742 2246 aditum
758 2204 864 2273 neque
884 2204 1015 2246 causam
1037 2190 1150 2267 postu·

163 2282 255 2346 laudi
273 2282 393 2345 iustam
411 2281 557 2360 haberet,
573 2281 734 2346 beneficio
755 2303 793 2346 ac
812 2282 1012 2346 liberalitate
1034 2290 1095 2347 sua
1109 2306 1149 2349 ac

164 2387 296 2446 senatus
326 2402 365 2445 ea
394 2382 541 2466 praemia
570 2390 791 2446 consecutum.
847 2382 997 2446 Docebat
1034 2383 1146 2462 etiam,

164 2501 263 2564 quam
285 2485 413 2542 veteres
435 2500 598 2564 quamque
620 2478 725 2543 iustae
752 2501 868 2544 causae
894 2479 1148 2545 necessitudinis

164 2578 243 2663 ipsis
267 2599 342 2641 cum
365 2577 512 2642 Haeduis
539 2578 787 2658 intercederent,
810 2600 895 2662 quae
916 2585 1051 2644 senatus
1075 2601 1147 2644 con·

121 2689 153 2739 25
164 2679 252 2742 sulta
267 2678 418 2761 quotiens
429 2700 592 2762 quamque
608 2679 787 2743 honorifica
801 2678 837 2742 in
853 2701 907 2744 eos
921 2679 1011 2744 facta
1026 2687 1145 2757 essent,

201 2845 225 2905 5,
239 2844 262 2891 6.
282 2844 322 2892 ad
340 2855 453 2904 equum
471 2844 650 2893 rescribere.
685 2846 702 2872 “
712 2839 842 2894 Enrolled
854 2841 929 2894 them
942 2858 1039 2911 among
1051 2842 1099 2894 the
1111 2841 1147 2893 ri·
1192 2836 1194 2843 '

165 2922 254 2987 ders,”
267 2940 283 2975 a
296 2922 359 2992 play
372 2941 445 2992 upon
458 2922 505 2975 the
518 2923 615 2976 double
628 2924 754 2994 meaning
767 2924 797 2977 of
808 2928 930 2990 equites
944 2941 974 2976 as
990 2928 1005 2954 “
1014 2923 1124 2994 cavalry
1131 2924 1146 2948 ''

165 3006 244 3059 when
256 3007 377 3077 military
389 3008 481 3078 things
494 3025 539 3061 are
552 3007 654 3078 spoken
667 3009 703 3074 of,
717 3009 772 3061 and
785 3026 814 3062 as
828 3014 844 3040 “
856 3008 969 3080 knights
979 3009 994 3032 ”
1006 3008 1087 3062 when
1100 3008 1146 3063 the

165 3088 295 3143 different
307 3090 407 3143 classes
419 3090 448 3142 of
460 3091 573 3144 citizens
587 3108 633 3144 are
646 3091 761 3161 thought
773 3090 809 3145 oi.

202 3179 243 3224 11.
263 3175 448 3239 Devexerat,
462 3173 528 3226 with
545 3178 635 3238 equis
649 3191 677 3227 as
690 3174 809 3227 ablativo
823 3174 852 3227 oi
866 3176 1038 3240 instrument,
1053 3191 1146 3228 means

166 3254 245 3308 “had
258 3255 374 3326 brought
387 3257 465 3308 down
480 3257 564 3326 [from
576 3256 619 3310 his
632 3257 724 3327 camp]
738 3275 772 3310 on
786 3256 962 3311 horseback.”
999 3256 1059 3310 The
1075 3274 1146 3311 com·

164 3338 257 3408 pound
269 3338 335 3390 verb
348 3339 370 3390 is
383 3341 450 3392 used
464 3340 551 3392 either
568 3341 684 3394 because
696 3341 743 3394 the
756 3358 834 3411 camp
847 3342 870 3393 is
883 3340 998 3410 thought
1016 3339 1044 3393 of
1062 3357 1092 3393 as
1111 3357 1146 3393 ou

166 3419 276 3490 shghtly
288 3421 385 3492 higher
397 3423 513 3492 ground,
528 3440 558 3476 or
572 3423 637 3476 with
650 3423 696 3477 the
709 3441 782 3477 same
793 3423 895 3494 feeling
907 3423 974 3476 with
986 3424 1075 3476 which
1095 3440 1147 3478 oue

152 3505 314 3556 sometimes
320 3503 422 3574 speaks
432 3505 463 3560 of
473 3506 557 3578 going
566 3506 646 3560 down
655 3506 725 3562 from
734 3507 781 3561 the
790 3507 892 3579 capital
902 3515 930 3561 to
939 3506 986 3561 the
995 3507 1146 3577 provinces.

175 3585 332 3649 24‘1'921'8·
374 3589 400 3643 J.
417 3608 441 3644 e.
457 3589 505 3646 the
520 3590 656 3647 Romans.
