2392 3856
129 128 171 196 54
511 142 636 196 enrrr
659 141 825 196 csrrrcr

216 292 342 352 XLIX.
373 286 442 352 Ubi
468 307 542 350 eum
574 285 689 350 castris
719 307 753 348 se
784 291 898 347 tenero
921 281 1043 346 Caesar
1065 280 1158 346 intel·

171 387 261 465 lexit,
286 410 326 451 ne
349 387 473 451 diutius
496 395 681 450 commeatu
705 384 946 469 prohiberetur,
968 381 1059 446 ultra
1082 404 1157 445 eum

171 488 291 562 locum,
319 509 383 571 quo
409 486 443 549 in
474 485 545 550 loco
576 485 737 550 Germani
768 483 995 558 consederant,
1026 481 1157 547 circiter

171 609 285 672 passus
315 585 378 651 DC
408 585 451 650 ab
481 585 541 664 his,
569 585 683 648 castris
711 583 867 647 idoneum
897 583 1007 646 locum
1032 581 1156 667 delegit

142 687 310 769 sanieque,
328 685 450 770 triplici
473 685 635 749 instructis
651 684 692 748 ad
715 705 792 746 eum
814 682 921 745 locum
937 681 1039 746 venit.
1087 680 1157 744 Pri-

171 807 259 848 mam
275 792 310 849 et
324 785 500 849 secundam
516 785 619 848 aciem
635 784 670 847 in
685 783 784 847 armis
801 804 880 859 esse,
897 782 1030 845 tertiam
1047 788 1156 845 castre

171 885 300 949 munire
325 885 429 948 iussit.
477 884 542 947 Hic
573 884 660 947 locus
687 882 729 946 ab
760 882 855 946 hoste
882 881 1013 945 circiter
1040 902 1155 966 passus

171 984 246 1061 DC,
270 984 320 1048 uti
342 984 468 1048 dietum
495 991 555 1060 est,
582 983 706 1048 aberat.
753 981 803 1046 Eo
827 981 956 1045 circiter
982 980 1154 1045 hominum

171 1084 260 1148 XVI
287 1084 378 1148 milia
404 1083 558 1168 expedita
584 1104 657 1146 cum
680 1082 772 1146 omni
794 1081 943 1165 equitatu
966 1079 1153 1163 Ariovistus

130 1214 160 1250 10
172 1184 272 1261 misit,
299 1206 382 1268 quae
412 1183 526 1268 copiae
555 1188 683 1245 nostros
713 1188 877 1245 terrerent
906 1188 941 1244 et
971 1179 1154 1244 munitione

170 1284 392 1369 prohiberent.
453 1282 568 1346 Nihilo
590 1281 691 1345 setius
715 1281 847 1358 Caesar,
870 1287 908 1344 ut
934 1286 1012 1344 ante
1038 1279 1155 1343 consti·

170 1390 290 1462 tuerat,
313 1384 394 1446 duas
424 1382 510 1447 acies
537 1383 663 1446 hostem
690 1381 889 1467 propulsare,
913 1378 1048 1443 tertiam
1074 1401 1152 1465 opus

170 1483 326 1566 perficere
355 1482 459 1547 iussit.
505 1479 646 1545 Munitis
677 1480 792 1546 castris
823 1481 904 1544 duas
930 1478 978 1542 ibi
1009 1478 1151 1565 legiones

170 1581 307 1664 reliquit
333 1588 366 1645 et
392 1590 520 1666 partem
544 1581 752 1660 auxiliorum,
776 1587 932 1664 quattuor
954 1578 1099 1663 reliquas
1120 1579 1162 1642 in.

129 1706 158 1756 15
171 1690 278 1744 castra
293 1681 418 1745 maiore
433 1681 576 1744 reduxit.

214 1787 252 1844 L.
286 1780 442 1844 Proximo
473 1780 527 1844 die
553 1779 708 1843 instituto
736 1801 795 1842 suo
819 1777 940 1842 Caesar
966 1798 1007 1840 ex
1037 1776 1151 1842 castris

170 1879 317 1963 utrisque
341 1879 450 1965 copias
474 1901 549 1943 suas
573 1879 688 1943 eduxit
713 1879 911 1963 paulumque
933 1900 953 1941 a
974 1876 1151 1942 maioribus
1188 1926 1190 1933 .

170 1979 285 2042 castris
312 2001 499 2064 progressus
523 1979 627 2043 aciem
653 1978 812 2042 instruxit
838 1977 1051 2062 hostibusque
1076 1999 1153 2064 pug-

169 2079 271 2142 nandi
302 2086 498 2164 potestatem
529 2079 618 2142 iecit.
665 2078 735 2143 Ubi
764 2100 806 2141 ne
837 2086 910 2142 tum
939 2077 1072 2161 quidem
1098 2099 1151 2142 eos

125 2211 157 2246 πο
169 2179 299 2263 prodire
315 2178 489 2256 intellexit,
506 2178 635 2242 circiter
649 2178 785 2242 meridie
800 2178 980 2242 exercitum
996 2176 1032 2240 in
1047 2185 1154 2242 cestra

169 2279 309 2341 reduxit.
363 2278 450 2341 Tum
480 2278 612 2341 demum
644 2278 832 2342 Ariovistus
862 2284 988 2362 partem
1019 2299 1152 2345 suarum

169 2377 347 2461 copiarum,
378 2400 462 2462 quae
492 2385 600 2441 castra
633 2378 763 2442 minora
800 2384 1015 2463 oppugnaret,
1051 2377 1151 2448 misit.

170 2477 303 2541 Acriter
324 2479 488 2562 utrimque
509 2479 670 2561 usquead
691 2500 861 2562 vesperum
885 2485 1070 2563 pugnatum
1091 2485 1151 2542 est.
1177 2472 1183 2479 ⁰

169 2575 254 2641 Solis
275 2599 391 2641 occasu
414 2600 488 2641 suas
508 2578 617 2662 copias
639 2577 827 2641 Ariovistus
849 2576 960 2640 multis
983 2586 1018 2640 et
1039 2576 1152 2641 inlatis

125 2683 203 2754 25et
225 2676 377 2762 acceptis·
392 2678 583 2741 vulneribus
609 2676 644 2740 in
671 2684 779 2740 castra
807 2675 950 2740 reduxit.
997 2675 1084 2740 Cum
1111 2699 1153 2740 ex

168 2777 306 2861 captivis
333 2785 504 2859 quaereret
528 2775 658 2854 Caesar,
683 2798 780 2860 quam
804 2776 939 2839 obrem
962 2775 1152 2840 Ariovistus

169 2875 291 2958 proelio
306 2897 372 2938 non
388 2876 582 2949 decertaret,
600 2877 685 2939 hanc
705 2874 891 2961 reperiebat
906 2897 1048 2951 causam,
1064 2875 1152 2958 quod

168 2974 256 3058 apud
273 2973 457 3038 Germanos
472 2996 511 3037 ea
526 2975 726 3038 consuetudo
745 2982 838 3051 esset,
856 2984 893 3037 ut
917 2981 1037 3038 matres
1059 2974 1152 3039 fami-

168 3164 197 3216 in
210 3163 256 3216 the
271 3163 425 3228 Germania,
441 3163 491 3218 Ch.
505 3164 554 3217 Vl.
594 3164 680 3218 Other
691 3167 798 3220 nations
807 3165 874 3218 than
888 3165 935 3218 the
949 3163 1083 3219 Germane
1093 3164 1150 3220 also

168 3248 308 3318 practiced
321 3249 351 3300 it.

204 3336 228 3382 5.
247 3335 376 3396 acieque
395 3334 520 3396 triplici.
565 3328 608 3384 ef.
633 3330 781 3401 Appendix
800 3329 863 3394 111,
882 3329 992 3383 Ornnn
1012 3344 1051 3384 or
1070 3329 1149 3384 Bar·

169 3427 260 3558 Thia
281 3506 385 3550 castra
402 3501 533 3551 munire.
570 3495 624 3549 For
637 3515 653 3550 a
666 3497 830 3566 description
840 3495 869 3549 of
881 3497 929 3550 the
942 3495 1048 3550 Roman
1058 3513 1148 3568 camp,

141 3589 193 3625 see
206 3576 367 3648 Appendix
380 3581 447 3649 HL,
464 3582 536 3636 Trrn
554 3581 734 3637 Fonrrrmn
753 3578 854 3634 esur.
