2392 3856
264 160 388 214 risun
413 161 438 214 r.
466 160 552 215 una
576 159 669 226 xri,
688 158 786 213 run
1045 145 1087 212 28

56 303 184 388 frigora
214 324 281 367 non
312 303 409 367 modo
437 303 606 366 frumenta
635 301 669 365 in
701 300 788 387 agris
818 308 948 366 matura
976 323 1043 366 non

57 411 164 480 erant,
181 403 239 467 sed
255 425 296 466 ne
312 402 426 488 pabuli
442 403 576 486 quidem
591 402 671 466 satis
687 423 807 487 magna
822 402 916 486 copia
930 423 1045 487 suppe-

56 502 152 567 tebat
161 527 170 578 3
187 524 226 566 eo
241 510 352 567 sutem
368 502 546 578 frumento,
562 501 650 586 quod
671 500 808 565 flumine
830 501 932 566 Arni
955 502 1045 566 navi-

56 601 119 666 bus
143 601 353 678 subvexerat,
377 608 551 687 propterea
578 607 631 664 riti
661 601 770 664 minus
793 608 933 686 poterat,
957 601 1044 685 quod

55 701 120 765 iter
135 700 191 765 ab.
202 700 303 766 Arni
321 700 470 765 Helvetii
487 707 686 774 averterant,
703 722 722 763 a
737 700 856 783 quibus
879 700 1044 764 discedere
1072 719 1087 769 5

57 800 202 865 nolebat.
247 800 347 864 Diem
362 822 404 864 ex
418 800 472 864 die
487 801 605 864 ducere
623 799 776 863 Haedui:
794 800 944 876 conferri,
961 821 1045 864 com-

57 901 194 986 portari,
211 900 323 964 adesse
339 900 459 964 dicere.
504 899 574 964 Ubi
590 920 624 963 se
640 899 765 962 diutius
781 897 856 961 duci
866 898 1042 977 intellexit,

56 1009 91 1064 et
113 999 203 1063 diem
217 1000 351 1075 instare,
368 1021 432 1082 quo
454 999 508 1062 die
530 999 735 1061 frumentum
752 998 915 1061 militibus
933 999 1044 1061 metiri

56 1105 234 1184 oporteret,
247 1097 434 1162 convocatis
449 1120 562 1162 eorum
578 1097 792 1183 principibus,
803 1118 940 1181 quorum
957 1118 1045 1182 mag·

56 1220 138 1263 nam
160 1198 287 1284 copiam
310 1198 344 1261 in
367 1197 482 1262 castris
505 1197 660 1273 habebat,
684 1198 720 1260 in
742 1197 795 1260 his
817 1196 988 1261 Diviciltco
1010 1204 1088 1260 etro

58 1297 168 1376 Lisco,
184 1297 241 1383 qui
264 1319 391 1362 summo
413 1298 621 1382 magistratui
643 1305 804 1382 praeerat,
820 1318 918 1381 quem
935 1300 1045 1380 vbrglt
1145 1352 1150 1365 .

56 1397 191 1462 brttum
203 1398 374 1483 appellant
384 1397 532 1474 Haedui,
544 1398 601 1482 qui
617 1404 748 1461 creatur
763 1418 890 1460 annuus
906 1403 941 1459 et
955 1396 1044 1460 vitae

57 1497 214 1583 necisque
235 1498 272 1560 in
294 1519 369 1562 suos
391 1497 494 1561 habet
516 1504 725 1583 potestatem,
748 1496 896 1582 graviter
917 1518 972 1560 eos
995 1517 1045 1560 ac·

57 1604 162 1674 cusat,
178 1598 277 1682 quod,
293 1619 369 1662 cum
385 1620 490 1682 neque
506 1597 572 1661 cmi
586 1618 693 1680 neque
708 1618 750 1660 ex
772 1597 859 1682 agris
874 1597 960 1660 sumi
975 1617 1046 1681 pos-

57 1697 112 1775 sit,
137 1704 207 1762 tam
232 1698 412 1761 necessario
428 1706 586 1782 tempore,
602 1704 672 1760 tam
688 1697 880 1781 propinquis
896 1696 1045 1760 hostibus
1056 1714 1087 1764 1⁵

58 1796 100 1861 ab
128 1797 168 1860 iis
194 1819 260 1860 non
295 1797 495 1874 sublevetur,
521 1797 715 1881 praesertim
752 1817 827 1859 cum
862 1804 982 1881 magna
1003 1818 1045 1859 ex

58 1903 155 1981 parte
180 1917 292 1960 eorum
320 1896 471 1982 precibus
496 1897 657 1960 adductus
686 1895 813 1959 bellum
842 1895 1043 1979 susceperit3

57 1995 164 2059 multo
179 1996 279 2059 etiam
295 1997 430 2080 gravius
446 1997 534 2080 quod
549 1997 593 2059 sit
608 1996 787 2059 destitutus
803 1994 963 2077 queritur.

10 2162 12 2171 ,
104 2102 218 2160 XVII.
259 2096 346 2159 Tum
383 2095 517 2159 demum
554 2095 668 2159 Liscus
709 2094 855 2158 oratione
893 2091 1044 2158 Caesltris
1128 2108 1130 2113 ’

10 2212 12 2241 ³
60 2195 221 2259 adductus
247 2196 334 2279 quod
364 2203 462 2259 antea
491 2202 641 2258 tacuerat
672 2194 847 2280 proponit:
879 2214 948 2257 esse
977 2214 1044 2256 non
1055 2218 1089 2254 ιο

60 2294 180 2372 nullos,
207 2317 344 2379 quorum
376 2295 555 2359 auctoritas
585 2294 674 2378 apud
705 2294 834 2379 plebem
865 2293 1044 2378 plurimum

60 2394 180 2470 valeat,
204 2395 262 2480 qui
285 2394 440 2480 privatim
464 2395 538 2480 plus
563 2394 690 2478 possint
712 2415 811 2477 quam
838 2393 902 2478 ipsi
927 2393 1046 2478 magis·

94 2529 123 2575 1.
137 2523 220 2577 After
230 2526 342 2589 frigora
361 2523 374 2577 1
386 2525 457 2578 have
474 2524 588 2578 omitted
601 2524 648 2576 the
661 2523 761 2587 clause,
774 2527 860 2588 quod
873 2525 973 2576 Gallia
984 2526 1044 2575 sub

60 2610 337 2673 septentrionibus,
356 2614 392 2660 ut
410 2614 483 2661 ante
501 2611 620 2660 dictum
639 2613 696 2672 est,
713 2609 818 2671 posita
835 2612 892 2659 est.
931 2605 974 2659 cl.
993 2605 1047 2656 last

61 2697 169 2742 noteon
183 2707 253 2760 page
267 2694 291 2742 8.

97 2775 121 2823 6.
139 2774 230 2825 Diem
249 2773 272 2824 is
291 2782 339 2826 not
357 2773 448 2843 object
466 2772 495 2825 of
513 2776 636 2835 ducere,
655 2771 705 2824 but
724 2788 759 2823 an
777 2787 833 2823 acc.
852 2768 882 2822 of
905 2769 978 2833 time,
997 2768 1046 2822 the

61 2853 160 2924 phrase
184 2859 267 2909 diem
291 2871 332 2909 ex
357 2859 408 2909 die
431 2856 513 2926 being
537 2854 693 2925 equivalent
717 2862 746 2907 to
771 2853 852 2923 “day
871 2852 942 2905 alter
963 2851 1044 2921 day.”

61 2939 183 2991 Ducere
207 2955 300 2992 means
326 2939 498 3009 “prenset''
516 2955 547 2991 or
571 2937 702 3007 “delay”
720 2936 767 2990 the
792 2943 891 2989 matter
914 2935 943 2987 in
967 2951 1046 3004 ques-

60 3020 127 3073 tion.

97 3107 121 3155 6.
142 3106 264 3156 ducere.
302 3102 357 3156 For
369 3103 424 3174 this
438 3108 453 3134 ‘⁶
461 3101 602 3155 historical
610 3103 625 3125 ”
637 3118 686 3155 use
698 3101 728 3154 ol
740 3100 787 3152 the
799 3099 942 3166 infinitiva,
951 3116 996 3154 see
1009 3100 1044 3152 A.

62 3186 84 3238 ἃ
98 3184 126 3239 S.
136 3188 205 3252 ⁵30,
218 3203 235 3238 u
242 3202 253 3250 ;
273 3186 307 3238 A.
321 3187 344 3239 δι
358 3185 391 3239 G.
404 3189 476 3250 2753
497 3185 530 3238 G.
544 3188 616 3250 6473
636 3184 671 3236 H.
685 3186 752 3248 5³6,
768 3189 790 3235 1.

96 3275 138 3321 11.
157 3273 384 3334 vergobretum.
422 3268 491 3321 This
503 3269 526 3320 is
544 3268 591 3320 the
608 3266 751 3320 Latinized
769 3267 839 3319 form
852 3265 881 3320 oi
898 3266 946 3320 the
958 3263 1045 3319 Celtic

61 3351 120 3405 title
134 3357 150 3384 “
158 3369 244 3422 guerg
257 3351 363 3416 breth,’'
373 3352 499 3422 meaning
512 3357 528 3383 “
536 3351 678 3420 dispencer
690 3350 719 3403 of
727 3349 858 3420 justice.’'

98 3438 140 3487 18.
159 3438 338 3488 destitutus.
375 3434 402 3487 lt
420 3452 475 3488 was
492 3435 546 3487 had
562 3433 669 3504 enough
686 3433 746 3485 that
768 3432 832 3503 they
849 3432 896 3485 did
917 3438 965 3484 not
984 3430 1045 3501 give

61 3517 118 3570 him
131 3517 255 3570 material
268 3526 380 3588 support
395 3518 444 3588 (ci.
456 3518 664 3582 subleveturl,
675 3517 726 3569 but
738 3515 796 3569 still
804 3532 894 3568 nosse
902 3514 970 3566 that
981 3513 1051 3579 theu

57 3600 167 3652 seemed
179 3600 452 3669 tojwithdrawnheir
463 3602 626 3675 friendship
640 3601 700 3656 and
709 3598 806 3656 morah
814 3603 947 3668 support.
1054 3656 1066 3665 ,„
