2392 3856
330 170 455 226 LIBER
477 172 503 226 1.
532 172 619 227 cAP.
642 172 732 239 XLI,
755 172 848 226 XLII
1051 158 1094 224 47

10 278 12 305 Ι
57 336 103 378 ex
127 312 239 378 Gallis
270 314 301 378 ei
332 315 507 379 maximam
538 313 638 378 fidem
668 314 823 392 habebat,
854 323 892 379 ut
923 314 1049 378 milium

10 424 12 451 ³
60 413 208 499 amplius
224 413 464 500 quinquaginta
478 414 618 478 circuitu
633 414 713 478 locis
728 414 852 500 apertis
867 414 1049 479 exercitum

10 456 13 591 l
60 513 211 590 duceret,
233 513 274 577 de
298 520 416 596 quarta
437 513 562 598 vigilia,
585 522 623 578 ut
645 513 784 591 dixerat,
801 537 860 600 pro
861 514 966 578 fectus
989 520 1049 578 est.

10 611 217 698 'Septimo
232 612 296 688 die,
312 634 386 676 cum
409 613 473 676 iter
496 634 561 677 non
584 613 829 690 intermitteret,
846 614 889 678 ab
904 615 1051 700 explora·

10 654 13 779 l
60 712 193 776 toribus
223 713 343 775 certior
364 713 473 776 factus
495 718 546 777 est
568 713 731 776 Ariovisti
753 714 863 798 copias
886 736 906 777 a
929 714 1073 778 nostriss

62 811 158 875 milia
173 832 330 896 passuum
345 811 420 875 IIII
436 819 470 875 et
484 811 556 876 XX
571 812 694 876 abesse.

109 916 223 975 XLII.
256 910 399 997 Cognito
415 910 568 976 Caesaris
588 912 733 975 adventu
755 912 945 976 Ariovistus
967 913 1052 997 lega-

63 1018 118 1075 tos
142 1011 185 1074 ad
208 1032 283 1074 eum
306 1011 432 1075 mittit:
460 1010 547 1095 quod
569 1018 667 1075 antea
688 1012 730 1075 de
752 1011 922 1096 conloquio
942 1018 1053 1097 postu-

64 1110 177 1186 lasset,
199 1109 234 1173 id
256 1131 372 1194 perse
395 1109 466 1173 fieri
489 1110 596 1188 licere,
613 1111 767 1193 quoniam
793 1111 926 1196 propius
949 1133 1053 1174 acces-

65 1209 165 1273 sisset
181 1230 280 1293 seque
295 1209 330 1273 id
344 1209 416 1273 sine
431 1210 577 1295 periculo
592 1211 701 1274 facere
719 1232 812 1296 posse
835 1211 1095 1275 existimaretur

66 1308 144 1374 Νοιι
174 1308 302 1394 respuit
335 1308 561 1373 condicionem
592 1307 715 1374 Caesar
744 1310 874 1394 iamque
903 1333 979 1373 eum
1009 1311 1053 1374 ad

66 1408 247 1473 sanitatem
277 1409 399 1473 reverti
421 1408 656 1486 arbitrabatur,
679 1431 754 1473 cum
777 1410 821 1488 id,
844 1410 932 1494 quod
954 1417 1053 1474 antea

68 1507 199 1594 petenti
221 1507 428 1593 denegasset,
445 1507 532 1571 ultro
548 1509 766 1594 polliceretur,
783 1532 1000 1595 magnamque
1017 1510 1052 1574 in

68 1629 160 1694 spem
188 1606 353 1685 veniebat,
383 1629 444 1693 pro
473 1609 542 1671 suis
572 1609 674 1672 tantis
703 1609 881 1694 populique
911 1610 1053 1675 Romani

69 1707 104 1771 in
136 1729 212 1771 eum
242 1706 409 1771 beneficiis
432 1707 573 1793 cognitis
603 1709 670 1771 suis
700 1709 875 1792 postulatis
901 1709 1097 1786 fore,ut115

68 1806 254 1893 pertinacia
276 1806 458 1872 desisteret
515 1807 595 1871 Dies
617 1807 789 1892 conloquio
811 1809 880 1871 dict
867 1816 919 1871 tus
939 1817 989 1873 est
1012 1832 1054 1872 ex

70 1928 108 1970 eo
124 1905 179 1970 die
194 1908 338 1990 quintus.
386 1906 523 1970 Interim
538 1929 635 1992 saepe
652 1930 725 1970 oum
741 1899 842 1992 legati
858 1908 945 1971 ultro
961 1909 1055 1971 citro

70 2028 133 2090 que
157 2005 322 2070 intereos
345 2005 566 2082 mitterentur,
588 2006 778 2071 Ariovistus
801 1993 990 2092 postulavit,
1013 2029 1054 2070 ne

71 2127 170 2189 quem
208 2105 354 2191 peditem
392 2105 435 2169 ad
468 2107 676 2189 conloquium
706 2107 828 2172 Caesar
857 2107 1053 2172 adduceret:

71 2205 178 2269 vereri
208 2226 254 2283 se,
276 2227 319 2269 ne
349 2227 408 2289 per
435 2206 570 2269 insidias
600 2200 643 2269 ab
673 2228 711 2270 eo
741 2208 1099 2284 circumveniretur32o

72 2313 211 2389 uterque
234 2326 310 2368 cum
333 2305 482 2389 equitatu
505 2305 652 2369 veniret:
676 2306 741 2371 alia
756 2308 883 2372 ratione
904 2330 974 2372 sese
990 2330 1056 2372 non

73 2425 139 2468 esse
155 2412 345 2468 venturum.
391 2404 522 2478 Caesar,
545 2405 631 2488 quod
654 2428 759 2490 neque
782 2407 988 2490 conloquium
1009 2408 1057 2470 in·

73 2503 235 2588 terposita
261 2510 360 2568 causa
389 2504 463 2568 tolli
492 2503 625 2568 volebat
656 2527 763 2589 neque
792 2506 933 2569 salutem
964 2528 1056 2569 suam

75 2601 248 2668 Gallorum
272 2603 434 2686 equitatui
458 2604 664 2668 committere
688 2603 842 2682 audebat,
867 2605 1058 2669 commodis·

74 2703 193 2766 simum
219 2723 289 2766 esse
315 2703 442 2782 statuit,
468 2704 620 2767 omnibus
642 2705 734 2787 equis
758 2703 863 2768 Gallis
890 2704 1057 2788 equitibus
1068 2720 1100 2770 ²⁵

74 2801 232 2867 detractis
255 2823 294 2866 eo
316 2801 511 2888 legionarios
526 2803 649 2867 milites
669 2803 806 2887 legionis
821 2805 866 2868 X.
878 2805 1057 2888 imponere,

110 2955 171 3004 1-3.
190 2958 227 3003 ut
246 2989 253 3004 .
272 2988 279 3003 .
298 2988 306 3004 .
324 2956 460 3005 duceret.
499 2951 566 3005 This
587 2952 678 3005 clause
702 2954 725 3005 is
750 2953 900 3023 commonly
919 2952 1002 3006 taken
1028 2970 1058 3006 as

74 3033 234 3105 explaining
259 3037 370 3087 itinere
391 3038 548 3099 exquisito
570 3036 624 3087 and
643 3036 770 3106 meaning
790 3036 874 3088 “that
895 3035 956 3106 [the
975 3036 1057 3106 road]

75 3117 165 3172 would
177 3116 241 3170 lead
252 3117 300 3170 the
313 3117 419 3188 army,''
429 3126 491 3182 eto,
505 3119 552 3171 but
566 3119 588 3170 it
601 3135 685 3171 seems
698 3126 727 3171 to
739 3136 782 3171 me
795 3119 875 3171 much
888 3137 962 3172 more
974 3118 1058 3189 likely

74 3199 135 3254 that
161 3199 264 3254 Caesar
287 3201 310 3252 is
334 3200 382 3254 the
408 3201 514 3272 subject
539 3201 568 3254 of
592 3204 729 3266 duceret,
748 3201 802 3254 and
824 3202 885 3255 that
903 3203 950 3255 the
968 3202 1058 3255 clause
1123 3261 1125 3265 y

76 3284 166 3354 points
196 3283 316 3336 forward
348 3284 456 3337 instead
480 3284 509 3336 of
538 3285 616 3337 back.
666 3283 700 3337 ln
730 3285 792 3336 that
816 3302 878 3338 case
908 3286 930 3337 it
953 3301 1057 3348 means,

76 3371 90 3398 ‘⁶
100 3366 222 3438 [started
236 3383 300 3420 soon
314 3365 386 3420 after
400 3375 453 3419 two
465 3365 581 3431 o’clock,
603 3385 632 3420 as
650 3367 686 3420 he
704 3367 760 3420 had
779 3369 838 3421 said
856 3369 891 3421 he
905 3367 992 3421 would
1008 3367 1057 3438 do]

76 3448 420 3520 withariewtoleading
432 3449 475 3502 his
489 3468 575 3518 army,
579 3451 661 3502 ”.etc

112 3536 154 3585 26.
174 3531 187 3584 Ι
199 3532 271 3585 have
283 3533 398 3586 omitted
412 3533 459 3586 the
471 3533 561 3588 words
573 3537 626 3586 oui
637 3549 733 3601 quam
738 3538 876 3588 maxima
884 3537 1071 3587 consueram

70 3613 163 3665 before
173 3616 344 3679 imponere.
385 3615 430 3672 cf.
445 3618 500 3675 last
513 3627 582 3676 note
595 3637 632 3676 on
644 3638 705 3695 pag
703 3637 722 3676 e
733 3624 762 3674 t
