2392 3856
306 156 432 211 arnna
456 156 481 209 r.
510 156 595 210 can.
620 154 718 221 mn,
741 155 814 209 aru
1052 137 1094 205 5⁷

58 300 112 364 fisi
134 308 266 363 tranare
290 300 531 363 contenderunt
557 305 615 362 aut
641 297 797 361 lintribus
819 296 963 360 inventis
986 296 1048 360 sibi

62 399 204 464 salutem
235 407 460 484 reppererunt.
513 398 554 462 In
584 397 637 461 his
666 398 731 460 fuit
762 396 961 473 Ariovistus,
992 396 1049 480 qui

64 499 250 563 naviculam
278 498 456 584 deligatam
484 497 525 562 ad
552 498 657 583 ripam
680 504 796 561 nactus
819 504 860 560 ea
882 495 1048 581 profugit3

60 599 202 684 reliquos
226 621 337 662 omnes
358 597 523 662 consecuti
542 598 667 681 equites
682 597 785 661 nostri
801 596 1047 660 interfecerunt.

65 697 163 762 Duae
189 697 324 760 fuerunt
347 698 509 761 Ariovisti
531 719 659 774 uxores,
682 719 749 759 una
772 694 882 760 Sueba
905 696 1048 771 natione,
1077 723 1092 772 5

60 820 158 882 qnam
179 798 276 861 domo
295 819 405 862 secum
421 797 570 873 duxerat,
595 796 698 860 altera
713 796 846 872 Norica,
862 795 949 879 regis
965 794 1051 859 Voc-

58 897 162 961 cionis
189 919 289 976 soror,
302 919 399 981 quam
414 897 449 960 in
463 896 573 960 Gallia
587 896 728 959 duxerat
743 917 763 959 a
777 895 879 959 fratre
895 895 1048 958 missam:

62 1007 200 1081 utraque
223 998 257 1059 in
281 1005 322 1060 ea
341 997 422 1082 fuga
437 997 555 1082 periit3
578 997 662 1060 duae
682 996 789 1059 filiae:
813 996 929 1058 harum
947 995 1050 1057 altera

61 1097 176 1174 occisa,
192 1095 299 1160 altera
314 1104 411 1181 capta
426 1103 485 1159 est.
532 1095 570 1160 O.
583 1095 738 1160 Valerius
754 1093 924 1170 Procillus,
941 1114 1014 1156 cum
1030 1115 1050 1156 a

61 1194 255 1259 custodibus
278 1195 313 1258 in
337 1196 417 1280 fuga
432 1195 529 1258 trinis
551 1195 677 1259 catenis
699 1195 829 1257 vinctus
853 1193 1048 1269 traheretur,
1064 1233 1093 1268 ,ο

42 1295 95 1359 in
119 1296 227 1380 ipsum
253 1295 426 1358 Caesarem
449 1295 559 1358 hostes
580 1295 731 1378 equitatu
752 1293 975 1376 insequentem
1000 1292 1048 1353 in-

61 1393 152 1458 cidit.
200 1393 294 1473 Quae
309 1395 439 1477 quidem
464 1416 515 1457 res
540 1394 674 1459 Caesari
695 1415 760 1457 non
776 1393 935 1456 minorem
951 1413 1049 1476 quam

64 1494 138 1579 ipsa
162 1493 297 1557 victoria
319 1495 523 1578 voluptatem
548 1494 672 1570 attulit,
696 1492 782 1577 quod
807 1491 974 1555 hominem
996 1492 1051 1554 ho

62 1593 288 1656 nestissimum
310 1594 498 1678 provinciae
522 1592 660 1670 Galliae,
678 1614 770 1655 suum
794 1591 990 1655 familiarem
1017 1599 1051 1654 et

60 1692 238 1777 hospitem,
262 1703 412 1777 ereptum
434 1715 474 1756 ex
497 1692 649 1756 manibus
671 1691 815 1774 hostium
835 1691 899 1754 sibi
920 1691 1110 1775 restim-15⁴

60 1802 135 1856 tum
150 1791 286 1855 videbat
301 1814 406 1875 neque
422 1793 490 1855 eius
506 1792 694 1855 calamitate
710 1791 750 1854 de
774 1798 868 1854 tanta
879 1789 1050 1874 voluptate

61 1900 97 1955 et
112 1890 333 1976 gratulatione
355 1892 529 1975 quicquam
550 1892 683 1955 fortuna
703 1890 920 1954 deminuerat.
967 1888 1000 1952 Is
1015 1911 1049 1952 se

60 2001 236 2075 praesente
253 1991 293 2054 de
310 2013 344 2054 se
361 1999 412 2054 ter
427 1991 570 2055 sortibus
585 1990 769 2054 consultum
786 1989 925 2066 dicebat,
935 1996 1045 2052 utrum
1064 2003 1065 2007 ’

61 2091 134 2174 igni
156 2090 268 2153 statim
292 2097 465 2154 necaretur
488 2113 529 2154 an
552 2091 587 2153 in
610 2089 700 2155 aliud
725 2099 854 2173 tempus
874 2110 1051 2152 reservare-

62 2199 137 2252 tur:
164 2190 300 2253 sortium
321 2189 481 2254 beneficio
501 2212 535 2253 se
555 2212 625 2254 esse
640 2189 846 2253 incolumem.
892 2188 981 2252 Item
1003 2188 1048 2252 M.
1062 2217 1094 2254 ιο

63 2289 190 2352 Metius
205 2299 355 2374 repertus
370 2298 405 2354 et
420 2290 463 2353 ad
479 2311 554 2353 eum
570 2290 724 2353 reductus
740 2295 799 2352 est.

109 2394 199 2455 LIV.
240 2388 313 2452 Hoc
334 2389 460 2473 proelio
479 2397 570 2453 trans
592 2388 745 2452 Rhenum
766 2387 919 2451 nuntiato
937 2385 1049 2465 Suebi,

64 2486 122 2570 qui
144 2487 187 2550 ad
209 2487 297 2572 ripas
319 2487 427 2551 Rheni
448 2497 616 2564 venerant,
638 2488 771 2550 domum
795 2487 915 2550 reverti
939 2507 1051 2569 coepe-

64 2592 166 2662 runt3
207 2609 287 2671 quos
318 2586 410 2664 Ubii,
441 2587 497 2671 qui
530 2587 670 2673 proximi
704 2586 858 2650 Rhenum
891 2585 1050 2661 incolunt,

65 2685 257 2771 perterritos
280 2694 472 2750 senserunt:
497 2687 636 2750 insecuti
656 2707 813 2770 magnum
831 2707 874 2748 ex·
886 2684 926 2748 iis
942 2706 1093 2771 nume-25

65 2809 139 2851 rum
156 2787 356 2852 occiderunt.
396 2787 519 2852 Caesar
534 2810 600 2852 una
615 2794 741 2852 aestate
756 2785 884 2851 duobus
898 2785 1050 2849 maximis

65 2886 162 2950 bellis
189 2887 356 2963 confectis,
381 2888 543 2951 maturius
568 2887 667 2972 paulo
694 2908 792 2970 quam
818 2895 949 2971 tempus
973 2883 1051 2948 anni

105 3094 130 3142 t.
149 3092 245 3142 Duae.
285 3090 398 3161 Among¹
413 3091 460 3143 the
475 3090 607 3144 Germana
624 3091 646 3144 it
659 3107 714 3142 was
730 3089 792 3158 only
806 3089 853 3142 the
871 3087 977 3162 leaplers
990 3087 1051 3141 who

65 3172 121 3225 had
145 3189 219 3224 more
243 3172 311 3226 than
336 3190 387 3225 one
412 3172 484 3238 wife,
509 3174 564 3226 and
588 3173 655 3243 they
679 3173 726 3225 did
757 3189 787 3226 so
816 3173 859 3225 for
882 3189 992 3224 reasons
1022 3169 1050 3224 of

67 3262 147 3389 stag·
164 3351 243 3389 eum.
279 3337 303 3389 Ι.
317 3354 339 3390 e.
354 3336 464 3391 Caesar.

103 3425 144 3471 27.
162 3423 322 3472 maturius.
360 3419 421 3474 The
439 3422 505 3474 time
523 3422 553 3474 ol
570 3421 625 3474 this
642 3421 728 3475 battle
741 3437 796 3474 was
815 3421 897 3474 about
912 3420 959 3473 the
972 3418 1051 3472 tenth

66 3503 96 3556 ol
110 3501 279 3573 September,
293 3507 326 3555 58
340 3519 368 3555 n.
382 3518 408 3558 c.
