2392 3856
127 99 168 164 38
504 116 629 171 annm
653 116 819 172 carmos

169 259 301 324 nomine
314 258 428 344 populi
444 259 585 324 Romani
601 259 766 324 deterrere
782 280 886 344 posse,
899 280 941 321 ne
952 257 1057 322 maior
1071 257 1149 321 mul-

169 353 278 423 titudo
295 358 534 424 Germanorum
551 359 705 424 Rhenum
722 358 924 434 traducatur,
942 357 1149 442 Galliamque

170 480 301 522 omnem
316 458 359 522 ab
375 458 535 536 Ariovisti
552 459 672 523 iniuria
687 481 782 544 posse
798 458 983 522 defendere.

214 564 365 623 XXXII.
398 558 472 622 Hac
487 559 634 623 oratione
649 559 691 622 ab
715 558 886 624 Diviciaco
908 557 1024 622 habita
1039 579 1150 621 omnes

141 666 162 723 51
170 658 226 742 qui
249 659 386 722 aderant
409 680 528 744 magno
550 658 630 723 fletu
653 659 815 722 auxilium
839 681 859 722 a
882 657 1023 722 Caesare
1039 665 1151 743 petere

170 765 356 842 coeperunt.
403 759 652 823 Animadvertit
676 758 799 823 Caesar
820 779 902 821 unos
933 780 974 820 ex
1000 756 1151 820 omnibus

171 856 338 941 Sequanos
353 858 439 921 nihil
462 880 574 922 earum
590 881 698 921 rerum
721 859 838 936 facere,
855 879 935 941 quas
950 856 1052 920 ceteri
1069 857 1152 920 face

169 964 254 1034 rent,
272 958 329 1021 sed
345 957 451 1021 tristes
467 958 573 1043 capite
590 957 730 1022 demisso
753 965 874 1020 terram
890 957 1023 1020 intueri.
1070 956 1152 1019 Eius

168 1057 217 1121 rei
232 1079 314 1140 quae
330 1079 426 1122 causa
441 1065 526 1122 esset
540 1057 677 1121 miratus
698 1079 740 1122 ex
762 1057 841 1143 ipsis
864 1056 1013 1140 quaesiit.
1060 1055 1154 1118 Nihil

129 1182 159 1218 10
171 1155 315 1241 Sequani
329 1157 535 1243 respondere,
552 1157 610 1220 sed
632 1157 667 1220 in
683 1157 799 1221 eadem
821 1156 959 1220 tristitia
974 1155 1069 1219 taciti
1083 1177 1153 1241 per·

170 1276 312 1318 manere.
370 1254 455 1318 Oum
467 1254 509 1317 ab
524 1254 575 1317 his
591 1254 719 1340 saepius
734 1261 906 1337 quaereret
928 1275 1034 1337 neque
1051 1251 1154 1316 ullam

170 1354 302 1418 omnino
332 1375 443 1417 vocem
475 1354 660 1439 exprimere
690 1361 809 1439 posset,
836 1354 925 1417 idem
961 1352 1152 1417 Diviciacus
1195 1370 1196 1373 ’

170 1452 330 1516 Haeduus
342 1452 531 1537 respondit:
548 1453 610 1517 hoc
625 1475 695 1518 esse
708 1450 907 1518 miseriorem
919 1459 953 1516 et
968 1452 1153 1538 graviorem

169 1552 336 1615 fortunam
353 1551 580 1637 Sequanorum
596 1575 693 1637 quam
704 1553 915 1641 reliquorum,
931 1552 1019 1636 quod
1034 1551 1096 1614 soli
1112 1574 1153 1614 ne

128 1651 204 1724 15in
227 1651 354 1715 occulto
377 1652 511 1735 quidem
534 1654 626 1738 queri
656 1676 761 1737 neque
791 1653 950 1717 auxilium
978 1651 1154 1736 implorare

169 1751 337 1826 auderent,
354 1751 564 1837 absentisque
582 1753 742 1817 Ariovisti
755 1752 994 1827 crudelitatem,
1010 1749 1102 1815 velut
1125 1749 1154 1813 si

169 1872 278 1914 coram
307 1851 447 1929 adesset,
478 1852 659 1928 horrerent,
692 1862 867 1937 propterea
897 1851 984 1935 quod
1019 1850 1154 1933 reliquis

169 1957 280 2015 tamen
295 1951 393 2036 fugae
408 1951 548 2014 facultas
564 1951 707 2024 daretur,
721 1949 882 2034 Sequanis
897 1972 986 2027 vero,
998 1950 1054 2034 qui
1067 1950 1155 2013 intra

169 2051 252 2114 fines
268 2072 340 2114 suos
356 2049 562 2113 Ariovistum
578 2050 783 2135 recepissent,
801 2071 938 2133 quorum
955 2049 1077 2134 oppida
1089 2072 1155 2113 om·

126 2150 226 2213 aonia
241 2150 274 2211 in
297 2155 459 2233 potestate
483 2149 553 2212 eius
575 2156 694 2227 essent,
718 2171 830 2212 omnes
854 2149 1020 2213 cruciatus
1043 2157 1155 2213 essent

169 2247 364 2334 perferendi.

215 2352 383 2411 XXXIII.
430 2347 495 2411 His
525 2348 622 2412 rebus
652 2349 792 2434 cognitis
822 2347 946 2413 Caesar
980 2347 1155 2413 Gallorum

170 2449 296 2512 animos
312 2447 421 2512 verbis
444 2448 651 2512 confirmavit
672 2449 901 2534 pollicitusque
924 2455 982 2526 est,
1000 2447 1062 2511 sibi
1079 2470 1154 2512 eam

171 2570 240 2612 rem
253 2570 349 2612 curae
361 2548 527 2624 futuram
552 2571 706 2634 magnam
717 2571 751 2613 sc
762 2548 884 2614 habere
896 2570 999 2634 spem,
1011 2554 1045 2611 et
1056 2547 1154 2612 bone-

131 2648 246 2720 25ficio
269 2670 326 2713 suo
349 2654 383 2710 et
405 2648 602 2712 auctoritate
625 2649 805 2713 adductum
820 2648 1028 2712 Ariovistum
1052 2647 1152 2711 finem

170 2747 300 2811 iniuriis
322 2748 499 2812 facturum.
561 2749 635 2813 Hac
661 2750 808 2813 oratione
834 2748 952 2812 habite
978 2747 1152 2810 concilium

171 2847 306 2910 dimisit.
366 2847 413 2910 Et
439 2849 617 2911 secundum
647 2870 686 2911 ea
709 2848 834 2912 multae
861 2869 912 2911 res
939 2869 1013 2909 eum
1043 2846 1154 2910 horta-

170 2945 302 3024 bantur,
326 2968 426 3030 quarc
449 2946 513 3009 sibi
535 2969 607 3010 eam
631 2969 700 3010 rem
725 2947 934 3032 cogitandam
959 2952 995 3009 et
1020 2945 1154 3030 suscipi-

171 3046 289 3108 endam
320 3053 463 3130 putaret,
493 3048 527 3108 in
566 3046 681 3131 primis
718 3047 806 3130 quod
837 3044 995 3109 Haeduos
1031 3045 1153 3109 fratres

128 3161 161 3210 30
171 3146 491 3229 consanguineosque
514 3167 766 3230 saepenumero
788 3168 808 3209 a
826 3152 946 3208 senatu
969 3144 1152 3229 appellatos

207 3317 249 3364 30.
269 3316 528 3377 consanguineos.
566 3311 635 3365 This
654 3329 714 3381 may
725 3311 795 3364 have
814 3312 905 3364 rested
917 3309 1060 3381 originally
1079 3328 1154 3381 upon

170 3394 216 3448 the
234 3394 311 3448 claim
332 3395 410 3447 made
428 3396 464 3464 by
477 3395 525 3448 the
543 3395 654 3448 Haedui
675 3395 737 3464 (but
755 3394 812 3447 also
831 3395 865 3464 by
880 3394 926 3448 the
946 3394 1079 3463 Arverni)
1094 3405 1153 3448 toa

164 3478 280 3530 deseenr
296 3478 367 3531 from
387 3477 434 3530 the
454 3478 578 3550 Trojano.
615 3477 728 3531 Tacitus
746 3478 800 3530 and
821 3476 916 3531 Cicero
933 3477 1000 3530 both
1013 3476 1104 3530 allude
1124 3485 1153 3532 to

125 3555 400 3688 §hedrecoguition
425 3561 464 3634 by
486 3562 535 3617 the
558 3562 681 3618 Romans
707 3560 737 3614 ol
758 3561 808 3614 tlra
828 3560 1032 3630 consauqmuitq
1053 3559 1084 3612 of
1103 3560 1151 3615 the

159 3652 198 3688 ae
220 3640 258 3692 ui.
