2392 3856
134 106 177 174 40
515 123 638 177 eatur
663 124 830 179 nutrici

106 332 108 336 ,
174 322 176 326 ,
221 273 370 334 XXXV.
394 266 457 330 His
480 267 641 352 responsis
664 267 706 330 ad
723 267 898 332 Caesarem
913 266 1024 332 relatis
1040 268 1161 331 iterum

176 367 218 431 ad
248 390 323 431 eum
351 367 472 431 Caesar
501 367 626 452 legatos
652 388 727 430 cum
756 367 808 430 his
839 367 1002 431 mandatis
1033 367 1160 431 mittit:

175 467 331 552 quoniam
346 474 440 530 tanto
456 488 514 530 suo
530 467 708 552 populique
724 467 866 531 Romani
881 467 1042 531 beneficio
1056 467 1161 531 adfec

175 573 241 644 tus,
257 589 332 630 cum
347 566 382 630 in
399 567 572 630 consulatu
590 588 649 630 suo
664 588 722 631 rex
738 573 836 650 atque
855 567 979 630 amicus
1002 590 1022 631 a
1044 575 1159 630 senatu

147 667 362 751 sappellatus
385 674 482 743 esset,
512 667 598 731 hanc
621 666 684 729 sibi
706 666 892 752 populoque
916 666 1066 731 Romano
1089 689 1159 752 gra·

175 766 258 829 tiam
296 766 443 844 referret,
474 775 512 829 ut
542 766 576 828 in
608 765 819 850 conloquium
850 766 961 829 venire
998 767 1158 830 invitatus

174 873 368 951 gravaretur
389 887 496 951 neque
517 866 557 930 de
578 865 745 929 communi
767 887 802 928 re
825 865 1016 929 discendum
1038 866 1101 929 sibi
1124 873 1159 930 et

175 966 435 1050 cognoscendum
458 972 601 1051 putaret,
617 965 698 1029 haec
721 986 799 1043 esse,
816 987 901 1048 quae
923 966 965 1030 ab
988 989 1026 1029 eo
1048 976 1158 1051 postu-

174 1063 277 1129 laret:
301 1066 445 1151 primum
459 1087 502 1152 ue
518 1086 618 1149 quam
633 1064 883 1128 multitudinem
905 1066 1075 1129 hominum
1092 1087 1157 1129 am-

133 1192 164 1235 ιο
174 1164 261 1249 plius
284 1174 375 1228 trans
399 1165 552 1228 Rhenum
576 1164 610 1226 in
634 1162 779 1228 Galliam
805 1164 1012 1241 traduceret3
1039 1165 1157 1229 deinde

174 1264 314 1341 obsides,
341 1286 421 1349 quos
451 1262 587 1327 haberet
616 1263 658 1326 ab
682 1262 842 1337 Haeduis,
861 1264 1013 1329 redderet
1037 1264 1157 1349 Sequa

106 1413 107 1417 ,
173 1364 288 1448 nisque
311 1364 527 1448 permitteret,
544 1369 592 1440 ut,
616 1384 696 1446 quos
718 1362 768 1426 illi
789 1362 960 1440 haberent,
984 1364 1157 1429 voluntate

174 1465 243 1526 eius
273 1463 411 1527 reddere
443 1462 510 1526 illis
550 1462 683 1538 liceret3
720 1484 803 1527 neve
846 1462 1001 1527 Haeduos
1032 1464 1156 1529 iniuria

173 1562 348 1626 lacesseret
367 1583 451 1626 neve
474 1562 525 1626 his
548 1562 709 1646 sociisque
725 1584 837 1626 eorum
860 1563 983 1626 bellum
1004 1563 1156 1629 inferret.

83 1665 85 1670 '
132 1684 161 1736 15
174 1659 210 1724 si
241 1661 289 1725 ita
318 1661 459 1740 fecisset,
484 1663 546 1726 sibi
573 1663 757 1749 populoque
784 1663 934 1727 Romano
959 1671 1156 1748 perpetuam

172 1761 313 1846 gratiam
344 1769 443 1846 atque
472 1762 653 1826 amicitiam
683 1784 757 1825 cum
782 1784 822 1826 eo
844 1763 1014 1838 futuram3
1037 1763 1066 1826 si
1087 1785 1156 1827 non

172 1859 374 1946 impetraret,
398 1884 479 1938 sese,
506 1862 660 1946 quoniam
689 1861 737 1924 Μ.
765 1861 932 1938 Messalla,
961 1863 1008 1926 M.
1031 1863 1155 1928 Pisone

172 1960 360 2024 consulibus
392 1967 524 2025 senatus
561 1959 748 2037 censuisset,
771 1961 821 2023 uti
856 1961 1053 2046 quicumque
1077 1962 1156 2027 Gal-

172 2059 253 2123 liam
276 2060 478 2144 provinciam
505 2059 681 2135 obtineret,
698 2058 785 2142 quod
809 2061 980 2124 commodo
1003 2063 1050 2123 rei
1074 2060 1155 2146 pub-¹

128 2187 161 2225 20
171 2157 253 2222 licae
269 2160 377 2223 facere
393 2165 511 2243 posset,
527 2157 684 2222 Haeduos
699 2166 887 2242 ceterosque
903 2161 1023 2224 amicos
1039 2161 1155 2247 populi

173 2256 313 2321 Romani
350 2258 552 2335 defenderet,
588 2279 623 2322 se
659 2257 872 2322 Haeduorum
911 2259 1049 2324 iniurias
1086 2282 1154 2324 non

92 2370 94 2376 ’
171 2357 409 2441 neglecturum.

215 2462 383 2524 XXXVI.
429 2458 486 2522 Ad
506 2459 587 2523 haec
603 2457 790 2522 Ariovistus
802 2459 990 2543 respondit:
1014 2458 1065 2524 ius
1081 2481 1154 2526 esse

170 2555 259 2635 belli,
286 2566 326 2621 ut
351 2558 408 2643 qui
433 2559 600 2635 vicissent,
628 2558 668 2621 iis
694 2579 774 2641 quos
800 2558 955 2622 vicissent
984 2581 1083 2642 quem
1109 2561 1151 2624 ad

126 2692 157 2744 25
171 2657 303 2721 modum
330 2658 452 2722 vellent
478 2659 701 2744 imperarent?
736 2657 822 2721 Item
848 2658 1006 2743 populum
1034 2659 1153 2724 Roma

206 2824 230 2870 5.
252 2824 427 2885 appellatus
446 2827 537 2873 esset.
576 2821 615 2872 As
630 2820 783 2873 Ariovistus
795 2818 882 2884 knew,
893 2821 947 2873 and
957 2837 997 2884 as,
1009 2820 1038 2873 ol
1047 2838 1151 2887 course,

170 2901 271 2955 Caesar
283 2903 372 2957 would
391 2903 462 2956 have
475 2903 616 2967 admitted,
630 2903 676 2955 the
695 2903 826 2972 practioal
838 2902 917 2956 velue
935 2903 965 2956 of
982 2902 1056 2956 these
1069 2902 1151 2957 kind-

169 3000 261 3037 nesses
270 3004 325 3038 was
338 2987 527 3056 microscopi03
546 2986 596 3038 but
612 2985 688 3049 then,
703 2985 753 3037 has
772 2995 819 3038 not
837 2986 891 3038 this
910 2985 979 3055 style
998 2986 1026 3039 ol
1044 2987 1151 3059 talking

169 3065 270 3135 always
286 3068 354 3120 been
374 3069 420 3121 the
438 3069 546 3140 regular
561 3067 639 3138 thing
651 3069 679 3119 in
693 3068 760 3121 both
772 3068 863 3138 public
877 3069 931 3121 and
943 3070 1049 3138 private
1062 3071 1150 3142 diplo-

64 3199 65 3202 ,
169 3166 248 3218 macy
260 3149 306 3202 the
320 3152 403 3203 world
416 3151 499 3204 over?

205 3236 247 3284 13.
265 3235 337 3284 illis.
375 3233 417 3286 To
435 3234 469 3286 be
487 3235 569 3287 taken
588 3232 655 3286 with
672 3237 802 3286 reddere
825 3234 878 3286 and
900 3233 1035 3304 referring
1054 3243 1082 3289 to
1101 3235 1150 3291 the

168 3316 299 3368 Haedui

205 3403 245 3449 15.
265 3397 360 3451 Ihave
373 3400 488 3453 omitted
499 3402 533 3453 id
546 3399 617 3453 after
629 3402 672 3451 si.
710 3398 755 3452 Cf.
776 3398 829 3452 last
841 3407 905 3453 note
917 3417 952 3453 on
965 3417 1035 3472 page
1048 3405 1072 3454 8.

195 3485 240 3530 18.
260 3486 454 3536 oonsulibus.
491 3484 516 3537 I.
529 3501 551 3537 e.
564 3484 593 3535 in
607 3487 637 3535 61
652 3498 680 3534 Β.
694 3495 719 3535 c.
756 3481 799 3535 cf.
812 3481 862 3536 Ch.
876 3482 914 3536 II.

180 3564 226 3611 19.
246 3569 345 3626 quod,
385 3567 442 3622 Lit.
458 3572 514 3624 “as
528 3576 560 3624 to
571 3567 675 3634 what,’'
688 3567 709 3620 i.
725 3583 748 3619 e.
759 3571 815 3619 “so
824 3565 868 3618 tar
880 3569 933 3619 as?¹
