2340 3846
151 156 194 222 36
531 169 657 223 annal
679 168 842 224 canum

195 313 333 379 alteriue
354 313 533 376 Arcem.
578 311 626 375 Hi
648 333 724 379 cum
744 318 919 396 tantopere
940 311 982 374 de
1004 317 1085 396 pote

195 414 285 477 inter
305 434 341 476 ce
361 411 484 475 multos
505 434 609 475 annua
629 412 874 488 contenderent,
891 412 1016 475 factum
1032 433 1085 475 ecs

195 513 240 578 ab
260 512 423 576 Arvernis
443 511 668 594 Sequanisque
691 511 850 575 Germani
871 511 1022 574 mercede
1043 533 1085 574 ar«

196 620 322 676 rentur.
366 611 495 674 Horum
524 613 632 697 primo
660 611 792 675 circiter
813 611 906 674 milia
930 611 1002 675 XV
1025 611 1085 674 Rh<

166 711 1085 796 stransiaae3posteaquamagrosetcultumctcopias

196 811 303 875 lorum
318 811 468 875 homines
483 812 547 875 feri
561 833 600 875 ac
621 811 755 875 barbari
776 812 995 885 adamassent,
1011 811 1085 874 trad

197 912 1085 999 plurca3nunceeceiuGalliaadCetXXmiliu1

198 1035 336 1077 merum.
382 1012 470 1078 Cum
490 1013 544 1076 hia
559 1013 717 1077 Haeduos
731 1034 908 1096 eorumque
926 1012 1065 1076 clientes
1079 1036 1085 1075 ε

198 1125 298 1196 atque
319 1113 440 1176 iterum
462 1113 564 1177 armis
584 1113 810 1187 contendime3
840 1135 996 1197 magnam
1017 1113 1085 1176 cala

157 1221 267 1277 rotem
282 1213 392 1297 pulsos
414 1212 585 1298 accepisse,
600 1234 732 1276 omnem
753 1212 970 1288 nobilitatem,
986 1234 1085 1276 omne

198 1322 326 1390 natum,
342 1334 473 1392 omnem
488 1312 673 1396 equitatum
695 1312 852 1376 amisioee.
899 1311 1029 1390 Quibus
1052 1336 1085 1398 p1

199 1412 507 1495 calamitatibusque
520 1412 654 1487 fractos,
669 1413 727 1495 qui
742 1420 777 1476 et
797 1420 858 1477 aua
873 1413 998 1476 virtute
1013 1421 1049 1476 ct
1069 1435 1085 1498 p

200 1512 344 1577 Romani
373 1512 516 1596 hospitio
545 1520 646 1595 atque
674 1511 823 1576 amicitia
845 1511 1025 1596 plurimum
1049 1534 1085 1575 an

201 1611 313 1676 Gallia
328 1611 520 1696 potuissent,
536 1620 665 1675 coactos
680 1633 750 1676 cem
772 1611 934 1695 sequanis
956 1611 1086 1677 obsides

159 1737 191 1786 ις
200 1711 419 1775 nobilissimos
429 1711 574 1776 civitatis
582 1720 618 1776 et
631 1712 703 1776 iure
713 1712 853 1776 iurando
863 1712 1034 1776 civitatem
1045 1712 1085 1776 ob

200 1835 289 1899 gere,
305 1835 375 1877 aeae
388 1835 495 1896 neque
508 1813 638 1877 obsides
652 1814 851 1898 repetituros
867 1835 973 1896 neque
987 1813 1085 1877 auxil

201 1913 324 1999 populo
346 1913 497 1978 Romano
519 1912 751 1996 imploraturos
765 1935 872 1996 neque
887 1921 1085 1977 recusaturos

201 2015 311 2077 minua
334 2020 495 2098 perpetuo
523 2011 585 2076 nub
610 2012 742 2075 illorum
765 2011 895 2076 dicione
920 2020 1020 2096 atque
1044 2014 1085 2077 im

201 2120 320 2177 esseut.
367 2111 481 2176 Unum
502 2133 537 2174 ae
551 2132 622 2174 ease
636 2133 679 2175 ex
692 2111 785 2175 omui
800 2111 935 2176 civitate
957 2113 1085 2176 Haedu

159 2212 259 2295 „qui
281 2209 401 2274 adduci
422 2207 488 2274 non
510 2211 666 2295 potuerit,
681 2220 720 2274 ut
741 2212 866 2276 iuraret
887 2221 945 2275 aut
966 2212 1085 2278 liberos

202 2309 331 2375 obsides
346 2309 449 2374 daret.
496 2309 551 2374 Ob
566 2333 639 2374 eam
654 2333 725 2375 rem
740 2333 775 2375 ae
789 2333 832 2375 ex
852 2311 986 2375 civitate
1003 2314 1085 2396 prob

203 2416 239 2474 et
261 2409 399 2474 Romam
415 2409 458 2474 ad
479 2418 630 2490 senatum
644 2412 771 2474 venisse
793 2410 955 2475 auxilium
969 2414 1085 2496 poetul

203 2509 291 2594 quod
312 2509 402 2573 uolua
416 2530 522 2593 neque
536 2509 608 2574 iure
629 2509 767 2574 iurando
781 2532 886 2594 neque
909 2511 1080 2576 obsidibus

203 2616 305 2674 retur.
350 2606 415 2674 Sed
438 2609 530 2693 peius
544 2609 725 2674 victoribus
748 2609 907 2693 Sequania
921 2633 1022 2694 quam
1040 2611 1085 2677 Ηε

161 2707 302 2785 25'yictis
311 2707 475 2782 accidisse,
486 2715 659 2793 propterea
669 2709 757 2792 quod
771 2710 970 2787 Ariovistus,
980 2733 1040 2774 rex
1050 2710 1085 2776 Gr

242 2866 283 2914 11.
302 2876 425 2914 omnem
443 2899 451 2913 .
470 2899 477 2913 .
497 2900 503 2913 .
521 2866 673 2916 amisisse.
687 2861 694 2870 '
710 2862 1085 2936 Akindcfexaggerationo

206 2950 254 2996 not
271 2943 335 3013 only
347 2951 376 2996 to
394 2942 441 2996 the
453 2942 607 3014 impetucus
620 2945 749 2999 southern
761 2964 848 3012 races,
862 2948 911 3001 but
929 2956 958 3001 to
970 2957 1041 3002 most
1052 2965 1085 3003 ex

206 3033 316 3078 uaturee
327 3025 407 3079 when
419 3026 485 3096 they
497 3026 568 3080 have
580 3045 598 3080 a
608 3029 686 3098 point
703 3037 731 3082 tc
743 3047 818 3101 urge,
831 3031 887 3083 and
899 3039 947 3085 not
964 3039 994 3085 to
1012 3032 1048 3085 be
1058 3039 1085 3088 to

205 3105 344 3179 placently
357 3107 528 3179 stigmatized
540 3109 577 3179 by
589 3109 636 3162 the
648 3109 878 3166 coldcr-blooded.

244 3193 285 3242 18.
305 3194 430 3244 dicione
443 3200 537 3257 atquc
549 3196 688 3258 imperio.
725 3195 752 3247 A
770 3195 952 3249 combination
971 3194 1001 3249 cf
1017 3203 1074 3250 two

206 3272 278 3343 cally
290 3273 446 3345 equivaleut
463 3275 552 3329 words
569 3275 624 3331 like
642 3277 690 3332 the
702 3278 870 3348 expression,
883 3294 969 3332 more
981 3285 1015 3332 et
1031 3294 1085 3335 en

198 3356 288 3408 noted
298 3374 333 3409 ou
344 3374 418 3429 page
432 3363 474 3411 15.

220 3441 269 3490 25.
286 3443 492 3498 Ariovistus.
530 3443 621 3501 Littlc
632 3463 666 3500 or
677 3443 798 3514 uotb'mg
812 3442 921 3495 aruc
931 3441 1085 3495 tbauubtt

82 3454 324 3632 ἲωίε
338 3523 449 3584 known
464 3530 500 3585 cf
518 3531 580 3585 thia
599 3531 737 3604 vigemus
757 3527 885 3582 German
900 3521 1085 3583 aeduum

201 3598 361 3680 'wbably
375 3610 532 3690 belonged
546 3625 582 3672 ω
597 3615 649 3671 tho
668 3613 752 3670 tribe
770 3607 869 3666 called
885 3602 980 3658 Suebi
989 3596 1085 3651 unffi

230 3696 249 3736 Β
262 3682 337 3748 ffiut
348 3693 382 3750 ia
394 3716 472 3756 now
485 3700 613 3767 Badcu.
