2392 3856
330 138 454 192 LIBER
478 139 503 192 I.
532 137 617 192 CAP.
642 137 719 204 XX„
739 137 819 191 XXI
1068 123 1110 189 27

86 303 121 346 eo
143 280 219 367 plus
242 303 342 365 quam
361 301 396 346 se
411 280 531 345 doloris
547 302 674 366 capere,
690 287 864 366 propterea
878 278 974 362 quod,
992 300 1066 343 cum

86 380 154 467 ipse
178 382 287 467 gratia
310 382 491 467 plurimum
511 381 601 445 domi
624 386 723 463 atque
739 380 774 443 in
796 380 925 463 reliqua
945 377 1066 456 Gallia,

85 482 138 545 ille
167 482 344 546 minimum
366 490 501 566 propter
527 480 785 544 adulescentiam
812 486 930 565 posset,
950 501 1010 564 per
1032 501 1066 543 se

85 580 258 658 crevisset3
295 580 414 665 quibus
444 580 561 665 opibus
590 601 629 644 ao
658 580 768 643 nervis
797 601 865 642 non
892 579 997 642 solum
1026 578 1067 642 ad

85 681 295 745 minuendam
318 681 470 766 gratiam,
494 680 551 744 sed
577 701 682 766 paene
704 679 747 744 ad
768 680 948 764 perniciem
975 701 1066 743 suam
1101 695 1116 745 5

84 788 243 845 uteretur.
288 778 367 845 Sese
389 787 500 844 tamen
518 786 552 844 et
566 801 677 843 amore
692 779 838 843 fraterno
854 787 888 842 et
902 778 1068 843 existima

84 880 174 944 tione
189 879 281 965 vulgi
297 879 506 944 commoveri.
552 879 651 959 Quod
674 879 701 942 si
724 879 803 961 quid
828 878 859 942 ei
881 900 902 941 a
924 877 1067 943 Caesare

83 979 217 1065 gravius
248 979 427 1055 accidisset,
453 1001 528 1043 cum
558 978 628 1064 ipse
659 1000 735 1041 eum
764 977 871 1042 locum
902 977 1068 1041 amicitiae

83 1078 172 1163 apud
195 1100 272 1143 eum
296 1086 433 1155 teneret,
451 1078 619 1142 neminem
641 1077 907 1141 existimaturum
926 1098 992 1139 non
1008 1083 1068 1140 sua

82 1178 255 1242 voluntate
283 1178 428 1254 iactum3
463 1185 529 1262 qua
558 1199 600 1240 ex
628 1199 665 1241 re
695 1176 855 1253 futurum,
886 1175 936 1238 uti
966 1175 1069 1239 totius
1080 1205 1111 1243 ιο

85 1276 216 1342 Galliae
231 1277 335 1341 animi
353 1299 373 1341 a
387 1299 421 1341 se
437 1283 674 1341 averterentur.
720 1276 812 1340 Haec
827 1297 901 1339 cum
917 1274 1067 1360 pluribus

35 1376 37 1415 ³
82 1377 192 1441 verbis
215 1376 297 1441 flens
320 1399 340 1441 a
363 1377 504 1442 Caesare
527 1383 667 1462 peteret,
687 1376 809 1441 Caesar
824 1377 893 1440 eius
915 1376 1065 1439 dextram

81 1477 236 1562 prendit3
260 1475 444 1541 consolatus
466 1485 571 1561 rogat,
587 1476 687 1541 finem
708 1477 822 1540 orandi
836 1476 937 1540 faciat
948 1501 956 1551 ;
980 1474 1068 1538 tanti

82 1577 155 1640 eius
170 1576 261 1661 apud
274 1598 310 1640 se
324 1576 467 1662 gratiam
483 1598 551 1640 esse
567 1576 720 1653 ostendit,
737 1577 788 1640 uti
803 1583 838 1640 et
852 1575 900 1639 rei
916 1575 1068 1660 publicae

81 1675 240 1740 iniuriam
256 1683 290 1740 et
311 1698 406 1740 suum
422 1676 569 1747 dolorem
585 1677 655 1739 eius
671 1676 834 1739 voluntati
856 1697 894 1739 ao
916 1674 1067 1760 precibus
1079 1698 1110 1748 1⁵

82 1775 258 1839 condonet.
304 1775 546 1860 Dumnorigem
566 1775 608 1839 ad
631 1796 665 1839 se
688 1781 795 1850 vocat,
817 1774 955 1837 fratrem
979 1774 1069 1837 adhi-

81 1874 162 1950 bet;
185 1896 270 1959 quae
292 1875 327 1938 in
350 1897 388 1939 eo
410 1875 630 1959 reprehendat
645 1874 788 1939 ostendit
800 1897 809 1948 ;
832 1895 916 1956 quae
936 1873 1006 1956 ipse
1021 1873 1068 1935 in-

82 1973 231 2060 tellegat,
256 1996 339 2058 quae
365 1974 482 2038 civitas
505 1983 662 2058 queratur
684 1973 857 2059 proponit3
882 1978 1005 2047 monet,
1029 1979 1068 2034 ut

82 2074 119 2138 in
143 2074 307 2158 reliquum
322 2082 451 2159 tempus
468 2097 580 2139 omnes
595 2075 794 2160 suspiciones
808 2073 913 2147 vitet3
943 2079 1069 2157 praete-

83 2174 151 2238 rita
166 2194 200 2237 se
216 2173 387 2238 Diviciaco
402 2157 499 2238 fratri
514 2175 699 2238 condonare
717 2175 808 2239 dicit.
869 2171 1067 2256 Dumubrigi
1078 2190 1111 2229 20

83 2274 237 2337 custodes
260 2273 366 2358 ponit,
389 2281 428 2337 ut
458 2295 541 2357 quae
572 2281 658 2359 agat,
690 2273 885 2356 quibuscum
914 2272 1067 2356 loquatur

84 2373 169 2438 scire
185 2382 297 2457 possit.

128 2476 224 2538 XXI.
250 2471 377 2536 Eodem
394 2471 448 2536 die
470 2472 512 2536 ab
535 2472 799 2557 exploratoribus
819 2471 938 2536 certior
960 2472 1069 2566 factus

83 2660 155 2714 trifle
168 2659 323 2728 unnatural,
337 2661 387 2714 but
398 2661 421 2714 it
433 2660 488 2715 will
500 2661 534 2714 be
548 2678 611 2715 seen
625 2671 672 2715 not
684 2669 713 2714 to
725 2662 759 2714 be
772 2680 810 2726 so,
825 2661 848 2713 if
859 2677 910 2714 one
923 2659 1067 2713 translates

83 2743 155 2797 “the
168 2744 338 2797 accusatione
350 2761 415 2797 were
433 2745 750 2810 true‚he1runw‚”etc.
796 2743 838 2798 cf.
856 2750 918 2796 note
937 2760 972 2795 on
989 2758 1067 2808 esse,

80 2843 151 2898 P⁸g0
165 2831 207 2879 ²4·
610 2889 612 2893 ,

120 2914 161 2962 20.
181 2913 267 2963 dicit.
305 2909 397 2963 Those
416 2910 477 2963 who
495 2912 592 2982 regard
607 2909 709 2964 Caesar
727 2928 756 2964 es
769 2927 786 2964 a
798 2917 891 2980 tyrant
908 2909 962 2961 and
975 2916 1068 2961 arrant

82 2991 226 3062 hypocrite
252 3010 300 3063 say
317 2993 381 3046 that
403 2992 438 3047 he
456 2993 522 3047 here
540 2994 669 3064 pretends
688 3003 716 3047 to
738 2994 774 3047 do
792 3001 839 3046 out
857 2992 886 3045 ol
908 2992 1006 3061 regard
1024 2991 1068 3044 for

83 3074 242 3129 Diviciacus
261 3076 335 3129 what
353 3076 388 3129 he
406 3077 492 3146 really
504 3077 552 3129 did
570 3077 634 3148 only
652 3077 721 3131 from
740 3076 837 3146 pohoy,
852 3075 967 3128 because
982 3074 1068 3127 Dum-

83 3161 163 3211 norix
175 3176 231 3212 was
244 3177 272 3212 so
285 3159 424 3228 powerlul.
461 3159 532 3224 Itis,
546 3161 576 3214 oi
593 3177 697 3226 course,
712 3168 759 3212 not
771 3169 800 3212 to
812 3159 846 3211 be
860 3158 994 3229 supposed
1008 3157 1068 3210 that

86 3240 213 3295 Caesar's
232 3243 322 3296 aetion
339 3261 394 3295 was
407 3243 461 3295 due
473 3250 502 3295 to
521 3260 537 3295 a
555 3243 651 3314 purely
668 3242 841 3296 sentimental
859 3242 1027 3295 attachment
1040 3248 1067 3292 to

83 3323 336 3390 Diviciacus-he
355 3325 420 3378 does
439 3333 486 3378 not
504 3325 614 3379 himself
631 3325 693 3379 hint
712 3325 772 3379 that
790 3326 812 3378 it
830 3324 999 3389 was-but
1010 3323 1032 3374 it
1044 3323 1068 3375 is

83 3415 132 3461 not
143 3410 201 3479 just
211 3418 241 3461 to
253 3416 417 3478 exaggerate
431 3407 478 3462 the
491 3409 543 3461 less
562 3409 752 3462 disinterested
766 3409 795 3462 ol
812 3409 859 3461 the
873 3417 926 3461 two
941 3406 1066 3471 motivas,

83 3507 114 3542 or
132 3499 161 3543 to
179 3490 256 3544 leave
275 3490 322 3545 the
341 3490 418 3544 other
437 3490 590 3563 altogether
608 3500 656 3547 out
673 3492 703 3546 ol
721 3492 795 3563 sight
811 3493 843 3544 'm
857 3491 982 3558 {ormino³
994 3490 1071 3541 one's

79 3573 235 3640 opinionis
256 3574 303 3628 the
317 3583 428 3631 matter.
