2392 3856
258 123 383 177 LIBER
406 121 432 176 Ι.
459 122 544 178 CAP.
569 122 722 188 XXXVI,
746 120 902 177 XXXVII
1071 108 1113 174 41

83 286 166 329 num
197 263 293 329 victis
322 287 389 330 non
420 265 463 329 ad
493 265 631 329 alterius
660 262 910 349 praescriptum,
940 266 999 328 sed
1029 265 1071 330 ad

82 387 179 428 suum
204 365 378 429 arbitrium
401 365 562 450 imperare
584 386 767 428 consuesse.
812 363 848 428 Si
863 364 932 448 ipse
948 365 1070 450 populo

85 466 238 530 Romano
254 487 320 528 non
336 463 584 549 praescriberet,
600 486 698 547 quem
713 465 755 528 ad
776 464 910 528 modum
925 486 984 528 suo
999 465 1070 529 iure

84 571 246 642 uteretur,
269 586 335 629 non
358 573 508 650 oportere
530 587 564 628 se
587 587 606 627 a
628 564 748 649 populo
775 565 924 629 Romano
950 565 983 628 in
1011 587 1069 627 suo

81 664 157 728 iure
171 665 335 750 impediri.
383 664 538 728 Haeduos
553 663 630 742 sibi,
643 664 795 747 quoniam
810 663 890 727 belli
902 665 1069 732 fortunam
1097 669 1113 719 ⁵

82 772 306 850 temptassent
321 776 355 829 et
369 765 469 829 armis
484 764 648 850 congressi
663 785 702 828 ac
717 764 863 848 superati
881 770 1002 839 essent,
1014 765 1070 828 sti-

83 864 272 950 pendiarios
295 885 365 929 esse
387 865 500 928 factos.
547 864 705 948 Magnam
723 863 896 927 Caesarem
915 863 1069 927 iniuriam

82 964 205 1040 facere,
236 964 292 1048 qui
322 986 382 1028 suo
418 964 563 1028 adventu
594 963 770 1048 vectigalia
807 963 870 1025 sibi
908 963 1070 1027 deteriora

82 1064 217 1128 iaceret.
280 1063 429 1128 Haeduis
460 1086 495 1128 se
518 1064 647 1128 obsides
674 1063 880 1126 redditurum
906 1083 972 1125 non
999 1084 1068 1126 esse

82 1184 192 1247 neque
214 1163 267 1227 his
290 1185 396 1248 neque
420 1185 533 1228 eorum
549 1164 645 1227 sociis
659 1162 781 1226 iniuria
796 1161 920 1225 bellurn
950 1162 1112 1225 inlatu-10

82 1283 169 1338 rum,
193 1263 220 1326 si
243 1263 279 1326 in
302 1284 341 1327 eo
364 1271 545 1341 manerent,
562 1264 649 1347 quod
672 1262 887 1338 convenisset,
911 1261 1069 1346 stipendi-

82 1383 207 1446 umque
218 1362 393 1446 quotannis
405 1363 607 1448 pendbrent3
623 1362 651 1425 si
665 1363 699 1426 id
715 1384 780 1425 non
795 1361 958 1438 iecissent,
971 1361 1068 1446 longe

80 1459 123 1525 iis
134 1461 318 1525 fraternum
334 1484 451 1526 nomen
464 1463 579 1548 populi
590 1462 730 1526 Romani
743 1462 922 1525 afuturum.
970 1459 1068 1539 Quod
1124 1501 1125 1506 κ

83 1561 148 1624 sibi
165 1561 288 1626 Caesar
310 1561 530 1639 denuntiaret,
547 1584 581 1626 se
606 1562 819 1626 Haeduorum
843 1561 982 1625 iniurias
1001 1582 1067 1624 non

82 1660 322 1746 neglecturum,
337 1663 502 1726 neminem
526 1684 635 1727 secum
658 1661 728 1725 sine
752 1669 812 1725 sua
834 1661 978 1747 pernicie
996 1674 1110 1724 con-1⁵

81 1761 238 1825 tendisse.
286 1762 372 1826 Cum
387 1762 498 1840 vellet,
511 1761 786 1847 congrederetur:
809 1761 1066 1840 intellecturum,

82 1861 163 1944 quid
188 1861 304 1925 invicti
331 1861 500 1939 Germani,
524 1861 787 1925 exercitatissimi
813 1860 848 1924 in
874 1860 983 1935 armis,
1011 1862 1067 1944 qui

81 1961 171 2025 inter
208 1983 311 2026 annos
341 1961 450 2025 XIIII
487 1968 610 2025 tectum
641 1983 707 2025 non
738 1959 913 2038 subissent,
943 1959 1067 2023 virtute

81 2068 226 2145 possent.

125 2165 313 2227 XXXVII.
338 2160 430 2225 Haec
452 2161 567 2224 eodem
590 2168 738 2247 tempore
755 2159 890 2226 Caesari
912 2159 1069 2224 mandata
1078 2176 1112 2215 20

80 2261 314 2325 referebantur
345 2269 380 2325 et
409 2262 512 2347 legati
547 2263 588 2326 ab
620 2262 768 2326 Haeduis
798 2269 833 2326 et
863 2284 883 2327 a
914 2260 1066 2326 Treveris

80 2360 282 2425 veniebant:
299 2361 432 2425 Haedui
443 2368 606 2445 questum,
617 2361 704 2445 quod
717 2361 880 2438 Harudes,
893 2360 949 2446 qui
961 2383 1068 2446 nuper

80 2460 115 2523 in
140 2459 286 2524 Galliam
310 2461 525 2546 transportati
548 2469 665 2538 essent,
685 2460 767 2524 fines
789 2483 903 2524 eorum
933 2460 1067 2545 popula

79 2567 217 2624 rentur:
242 2582 313 2625 sese
334 2583 378 2624 ne
400 2561 569 2625 obsidibus
592 2560 725 2644 quidem
740 2560 826 2623 datis
841 2581 955 2644 pacem
971 2559 1067 2622 Ario

80 2659 160 2724 visti
185 2660 347 2725 redimere
371 2661 542 2745 potuisse;
567 2661 705 2725 Treveri
726 2667 848 2735 autem,
872 2680 973 2744 pagos
995 2671 1109 2722 cen-²5

118 2826 162 2886 12,
179 2826 220 2873 13.
240 2825 330 2888 longe
350 2859 357 2873 .
377 2862 383 2875 .
403 2862 409 2875 .
429 2826 592 2875 afuturum.
629 2821 656 2874 A
669 2822 842 2893 picturasque
855 2838 915 2890 way
928 2820 957 2873 of
970 2820 1066 2891 saying

85 2903 145 2958 that
153 2903 201 2957 the
212 2903 319 2958 Roman
332 2904 447 2959 alliance
457 2905 545 2958 would
559 2922 643 2975 prove
656 2904 685 2957 of
696 2904 766 2958 little
780 2905 928 2957 assistance
940 2909 969 2956 to
982 2902 1065 2955 them.

119 2991 162 3039 18.
182 2990 350 3041 subissent.
387 2988 457 3053 Not,
478 2987 506 3041 oi
524 3005 628 3053 course,
649 2987 813 3058 necessarily
832 2987 868 3040 all
886 2985 933 3039 the
951 2986 1016 3039 time
1035 2985 1063 3038 in

82 3069 163 3124 Gaul.

118 3158 161 3206 19.
182 3162 322 3219 possent.
358 3152 385 3206 It
399 3162 470 3207 must
488 3155 522 3207 be
541 3155 674 3208 admitted
692 3154 753 3207 that
771 3155 924 3207 Ariovistus
942 3153 997 3206 had
1017 3153 1064 3207 the

80 3235 142 3289 best
154 3236 184 3290 ol
195 3236 243 3290 the
256 3237 414 3302 discussion,
428 3237 482 3289 and
501 3237 561 3290 that
580 3237 627 3290 the
645 3237 764 3290 Romans
777 3237 856 3290 could
869 3236 955 3305 really
964 3235 1064 3306 justiiy

81 3319 154 3372 their
172 3319 265 3373 attack
284 3337 357 3390 upon
375 3319 432 3371 him
450 3337 485 3373 on
504 3337 539 3373 no
557 3320 655 3391 higher
674 3319 793 3390 grounds
815 3319 882 3372 than
900 3319 979 3372 those
998 3317 1027 3371 of
1047 3336 1065 3372 a

80 3402 176 3473 purely
190 3402 280 3456 selfish
293 3403 384 3473 public
397 3404 574 3472 expediency.

117 3491 158 3538 21.
177 3489 326 3539 Treveris.
360 3485 411 3540 See
423 3486 527 3556 map,B
540 3491 562 3537 7.
594 3485 648 3539 For
658 3503 730 3540 some
739 3495 854 3540 account
863 3484 893 3540 of
905 3485 952 3538 the
961 3485 1062 3551 nation,

78 3586 124 3622 see
136 3569 287 3639 Appendix
298 3569 321 3623 I.
